1834 2900
93 140 180 185 nono
209 106 678 185 Hlsnonslnnulnmnlvmmos.
699 139 747 187 rso
833 92 838 102 l

94 271 161 311 seram
178 262 282 320 Romani,
298 271 323 311 ut
340 265 448 327 colloquia
465 280 641 328 congressusque
655 270 747 314 norim

93 336 202 385 arcerem
219 330 262 383 vel,
278 330 337 390 quod
347 331 528 377 contumeliosius
538 337 572 375 est
582 331 635 377 viris
645 330 674 377 ad
683 344 746 377 arma

92 394 152 447 natis,
168 394 264 439 inermes
274 408 300 441 ac
315 408 383 456 prope
399 394 459 448 nudi,
474 394 515 439 sub
529 394 620 439 custode
635 401 659 440 et
673 394 746 457 pretio

92 458 204 503 sciremus.
229 458 286 512 sed,
308 465 333 503 ut
351 458 448 505 amicitia
469 457 606 516 societasque
623 466 700 505 nostra
719 459 747 505 in'
814 469 818 477 ’

92 528 195 568 aeternum
207 528 254 568 rata
265 522 300 575 sit,
308 523 447 583 postulamus
455 538 469 569 a
478 522 549 577 vobis,
559 535 633 567 muros
644 522 745 578 coloniae,
780 548 783 554 ⁴

93 585 225 632 munimenta
242 586 331 641 servitii,
350 586 468 633 detrahatis
480 587 558 650 (etiam
572 584 621 631 iera
635 586 746 641 animalis,

93 650 111 695 si
126 649 197 696 clausa
213 656 294 705 teneas,
317 652 406 697 virtutis
427 647 613 712 obliviscuntur);
629 648 747 697 Romanos

91 728 164 760 omnes
174 715 197 759 in
204 712 287 761 finibus
295 715 374 761 vestris
382 715 496 762 trucidetis
506 713 576 777 (haud
582 713 647 759 facile
657 713 746 761 liberos

89 785 110 823 et
120 778 200 824 domini
211 776 358 839 miscentur);
369 780 427 827 bona
436 778 603 825 interfectorum
610 778 635 823 in
645 777 743 823 medium

91 842 174 899 cedant,
195 858 223 889 ne
240 844 289 903 quis
306 844 407 890 occulere
424 843 550 904 quidquam,
568 849 607 889 sut
626 856 747 904 segregare

90 920 175 953 causam
187 921 250 953 suam
265 908 343 968 possit.
375 906 454 955 Liceat
470 908 534 954 nobis
543 906 650 967 vobisque
660 912 745 951 utram·

90 985 133 1031 que
141 971 209 1031 ripam
221 970 299 1025 colere,
308 979 332 1017 nt
340 970 391 1017 olim
399 972 519 1033 majoribus
529 971 623 1017 nostris:
633 970 745 1031 quomodo

22 1064 24 1069 ·
90 1034 161 1081 lucem
169 1034 270 1095 diemque
277 1036 378 1082 omnibus
388 1037 529 1093 hominibus;
545 1036 577 1081 ita
587 1050 665 1081 omnes
676 1048 746 1082 terras

88 1094 181 1145 fortibus
200 1100 253 1145 viris
271 1107 349 1146 natura
366 1101 458 1161 aperuit.
490 1099 597 1147 instituta
616 1099 749 1159 crdtumque
771 1101 776 1114 ¹

88 1162 183 1223 patrium
197 1164 307 1219 resumite,
323 1166 420 1225 abruptis
430 1164 585 1226 voluptatibus,
600 1164 678 1223 quibus
693 1162 744 1211 Ro-

88 1227 148 1272 mani
164 1226 214 1287 plus
229 1225 333 1275 adversus
352 1229 469 1291 subjectos,
487 1242 553 1288 quam
571 1227 645 1281 umis,
663 1226 747 1275 valent.

88 1290 192 1339 sincerus
202 1299 225 1337 et
235 1292 322 1353 integer
332 1298 356 1336 et
366 1293 478 1338 servitutis
494 1292 575 1338 obiitus
589 1290 690 1352 populus.
707 1298 746 1337 aut

86 1368 116 1401 cx
127 1369 193 1414 aequo
204 1356 283 1415 agetis,
293 1361 332 1399 aut
342 1354 391 1400 sliis
400 1352 576 1416 imperitabitis.”

117 1417 198 1466 LXV.
213 1418 395 1480 Agrippinenses,
415 1426 489 1466 sumto
507 1418 646 1467 consultandi
665 1418 747 1481 spstioj

84 1483 174 1544 quando
184 1497 257 1542 neque
268 1483 339 1528 subire
349 1483 486 1530 conditiones
498 1491 571 1530 metus
580 1483 655 1540 futuri,
672 1499 745 1546 neque

83 1547 158 1609 palam
174 1547 299 1607 adspernari
315 1547 410 1593 conditio
425 1563 530 1610 praesens,
541 1548 631 1602 sinebat,
647 1549 670 1593 in
684 1549 745 1595 hunc

84 1611 177 1658 modum
190 1611 335 1672 respondent:
355 1615 368 1640 ‘⁸
378 1611 436 1666 Quae
447 1613 517 1674 prima
532 1612 638 1658 libertatis
650 1611 746 1658 isctdtss

85 1676 136 1722 data
156 1681 198 1730 est,
215 1675 300 1722 avidius
316 1691 381 1736 quam
398 1677 490 1731 cautius,
505 1676 629 1730 sumsimus,
647 1675 744 1722 utnotn's

82 1740 216 1800 caeterisque
233 1740 359 1796 Germanis,
376 1740 547 1803 consanguineis
562 1740 649 1793 nostris,
659 1741 744 1803 junge-

83 1817 167 1851 remur.
205 1803 287 1850 Muros
309 1806 411 1860 civitatis,
437 1805 624 1868 congregantibus
646 1819 671 1851 se
692 1819 743 1851 ormi

82 1868 182 1914 maxime
193 1866 346 1915 Romanorum
357 1870 497 1924 exercitibus,
507 1884 589 1931 sugere
596 1868 665 1924 uobis,
676 1880 747 1928 quam·

81 1931 178 1984 diruere,
190 1933 259 1978 tutius
270 1939 311 1979 est.
343 1932 367 1980 si
378 1932 415 1992 qui
430 1949 459 1980 ex
472 1931 547 1990 Italia,
562 1940 600 1980 sut
614 1933 742 1994 provinciis,

80 1995 217 2058 alienigenae
227 1997 250 2042 in
264 1995 344 2043 finibus
362 1997 442 2047 nostris
456 1998 550 2052 fuerant,
561 2013 600 2043 eos
610 1997 692 2044 bellum
702 1997 742 2042 sb·

78 2060 170 2112 sumsit,
182 2060 218 2106 vel
229 2061 251 2106 in
260 2075 311 2107 suas
322 2061 414 2122 quisque
422 2061 486 2108 sedes
494 2058 603 2122 refugere.
629 2059 742 2106 Deductis

79 2123 136 2170 olim
149 2131 173 2170 et
184 2125 298 2170 nobiscum
308 2133 348 2185 per
358 2127 492 2172 connubium
500 2125 595 2179 sociatis,
603 2125 684 2184 quique
690 2137 744 2170 mox

76 2185 212 2248 provenire,
232 2189 280 2235 baec
299 2190 369 2250 patria
387 2197 428 2236 est.
460 2189 511 2235 Nec
527 2204 568 2235 vos
585 2189 640 2236 adeo
656 2188 743 2248 iniquos

77 2252 243 2306 existimamus,
262 2259 287 2298 ut
304 2253 397 2300 interfici
414 2269 430 2300 s
445 2255 509 2300 nobis
527 2261 635 2314 parentes,
656 2251 742 2308 stanes

76 2314 163 2362 liberos
179 2323 267 2362 nostros
286 2313 364 2364 velitis
395 2317 501 2379 Vectigal
515 2326 538 2364 et
555 2331 623 2362 onera
632 2330 743 2362 commer-

76 2379 168 2426 ciorum
184 2381 322 2427 resolvimus.
354 2381 405 2428 Sint
423 2382 529 2428 transitus
545 2380 685 2437 incustoditi3
703 2381 743 2427 sed

74 2443 152 2490 diurni
172 2451 196 2490 et
209 2445 319 2502 inermes3
336 2445 406 2492 donec
424 2461 484 2494 nors
501 2452 525 2492 et
541 2445 638 2490 recentia
651 2445 704 2502 jura
718 2445 743 2488 in

73 2515 217 2555 vetustatem
229 2509 388 2556 consuetudine
395 2515 517 2555 vertantur.
549 2507 665 2552 Arbitrum
675 2506 742 2549 habe-

73 2571 154 2620 bimus
167 2570 263 2620 civilem
275 2580 299 2618 et
309 2572 425 2627 Veledam,
436 2573 494 2632 apud
502 2585 558 2630 qnos
567 2575 632 2630 pacta
642 2567 743 2638 sandeu-

72 2633 142 2688 tur.”
179 2635 218 2684 Sic
238 2636 313 2684 lenitis
330 2635 455 2694 Tencteris,
474 2633 543 2695 legati
560 2633 589 2678 δᾶ
608 2628 704 2677 (ΜΨ
721 2629 747 2670 ‘²
