1834 2900
160 137 208 179 tta
225 122 584 178 HISTORIARUMLutlII.
596 128 698 179 Ornet.
711 130 740 169 U·
748 130 772 171 c.
780 133 827 170 aas.

161 259 228 315 retur,
235 258 337 322 speciem
347 261 436 307 hostilis
445 259 557 309 exercitlls
563 260 668 307 fecerant.
699 256 823 319 Tripartitc

157 326 256 387 agmine,
273 340 330 387 pars,
346 334 373 372 ut
382 326 503 379 adstiterat,
520 323 630 371 Flaminii
640 322 683 378 ald,
698 338 750 383 pars
756 324 823 385 juxta

155 391 230 451 ripam
242 389 330 437 'liberis
342 391 449 446 incessit;
465 391 555 436 tertium
569 404 651 451 agmen
662 403 701 451 per
713 388 821 433 Salariam

160 452 258 502 Collinae
267 461 340 517 portae
346 456 513 517 propinquabat
530 453 597 500 Plebs
607 453 701 500 invectis
711 452 822 512 equitibus

157 517 222 565 tusa:
241 519 307 566 miles
320 518 455 566 Vrtellisnus
470 519 536 566 trinis
545 525 578 564 ret
594 519 642 580 ipse
658 516 767 579 praesidiis
781 531 821 562 oc·

159 585 236 630 currit
276 583 360 630 Proelia
377 590 430 630 ante
448 583 535 630 Urbem
553 581 624 629 mults
642 588 665 628 et
682 582 758 637 raria;
782 580 822 627 sed

159 647 282 702 Hanania,
296 648 390 694 consilio
401 648 482 694 ducum
493 648 655 708 praestantibus,
667 646 748 707 saepius
756 660 821 707 pros·

146 756 149 759 .
158 728 220 774 pera.
251 711 367 759 litantum
375 710 496 758 conflictati
507 718 565 765 sunt,
574 712 612 771 qui
622 712 646 756 in
656 716 742 771 partem
754 709 821 755 sinis·

155 784 216 824 tram
236 776 312 830 Urbis,
328 777 357 823 ad
374 776 523 823 Sallustianos
537 777 620 829 hortos,
637 781 786 837 perangusta
797 780 821 821 et

158 841 242 888 lubrica
252 842 338 886 riarum
348 839 466 888 flexerant,
489 840 645 901 superstantes
655 839 756 885 maceriis
767 840 821 885 bor·

157 912 233 953 torum
245 904 366 958 Vitelliani,
378 906 406 951 ad
416 921 490 951 serum
499 920 569 964 usque
579 905 645 958 dlem,
657 904 715 951 saxis
723 903 822 964 pilisque

158 972 278 1017 subeuntes
297 971 415 1027 arcebant;
431 970 503 1017 donec
521 970 548 1015 ab
566 969 682 1029 equitibus,
698 970 736 1027 qui
755 966 822 1029 porti

159 1031 250 1081 Collind
266 1034 397 1095 irruperant,
420 1035 639 1081 circumvenirentur.
677 1030 822 1081 Concurrdre

158 1098 221 1143 etin
240 1095 320 1157 cainpo
336 1098 423 1147 Martio
438 1098 528 1146 iniestae
545 1100 610 1145 acies.
643 1097 688 1144 Pro
706 1096 820 1144 Flavianis

158 1160 259 1208 Fortuna
275 1169 298 1209 et
315 1169 378 1222 parta
387 1165 453 1210 toties
464 1164 571 1219 victoria3
589 1162 703 1209 Vitelliani
715 1161 819 1223 despera·

157 1226 220 1272 tione
237 1223 286 1272 sold
302 1227 407 1272 mebant:
426 1235 457 1282 et,
473 1243 605 1289 quamquam
622 1227 687 1289 pulsi,
704 1240 781 1273 rursus
795 1227 819 1273 in

84 1308 89 1312 ·
132 1326 135 1336 .
157 1289 222 1343 Urbe
230 1292 431 1351 congrqeabmur.

186 1352 338 1401 LXXXIII.
347 1354 433 1401 Aderat
439 1356 590 1417 pugnantibus
599 1362 709 1417 spectator
716 1355 820 1417 populus,

156 1426 226 1480 utque
235 1420 259 1466 in
269 1419 355 1466 lndIcro
366 1420 493 1474 certamine,
508 1421 555 1475 hos,
573 1435 648 1468 rursus
660 1420 710 1468 illos
720 1420 820 1468 clamore

156 1492 180 1529 et
190 1487 268 1545 plausu
278 1485 381 1532 fovebat:
394 1486 482 1544 quoties
492 1500 542 1546 pars
553 1487 622 1532 altera
632 1485 767 1539 inebriaret,
778 1487 819 1532 ab·

155 1549 215 1596 ditos
222 1549 246 1597 in
257 1549 361 1607 tabernis,
369 1555 415 1603 sut,
423 1551 442 1596 si
453 1564 519 1610 quarn
531 1551 554 1597 in
565 1553 655 1596 domum
666 1549 819 1612 perfugerant,

155 1615 203 1660 erui
215 1614 359 1675 jugularique
374 1615 550 1675 expostulantes,
566 1621 628 1676 parte
640 1615 724 1675 majore
734 1616 819 1677 praedre

154 1679 307 1739 potiebantur:
328 1693 386 1732 nam,
398 1679 468 1728 milite
478 1679 506 1724 ad
517 1681 648 1740 sanguinem
659 1686 683 1725 et
691 1679 764 1726 caedes
775 1681 817 1726 ob·

153 1756 227 1796 yerso,
244 1744 315 1804 spolia
324 1744 348 1788 in
359 1743 441 1804 vulgus
451 1743 565 1791 cedebant.
598 1744 664 1790 Saeva
675 1758 701 1789 ac
709 1741 818 1791 defonnia

156 1804 219 1854 Urbe
230 1806 366 1853 totdsacies:
385 1807 438 1855 alibi
452 1808 531 1870 proelia
541 1817 565 1854 et
574 1808 681 1864 vulnera;
698 1808 817 1856 alibiball-

153 1883 204 1922 neae
219 1871 363 1931 popInaeque:
381 1872 457 1922 rimtd.
467 1887 532 1920 cruor
550 1880 574 1922 et
589 1881 660 1920 atrues
679 1888 814 1934 corporum:

148 1934 215 1996 prata
223 1942 297 1984 scorta
307 1943 330 1982 et
341 1937 420 1987 scortis
431 1938 528 1986 similes:
547 1945 654 1997 quantum
666 1938 688 1982 in
699 1936 817 1985 luxurioso

151 1999 199 2046 otio
215 2000 346 2056 libidinum
362 2002 468 2062 quidquid
486 2003 510 2051 in
529 1999 671 2052 aoernssint
686 2002 818 2063 captivitate

150 2065 259 2112 scelerum
265 2082 274 2123 ς
285 2081 376 2127 pronus
387 2073 412 2112 ut
422 2067 526 2118 eamdem
534 2067 646 2115 civitatem
653 2073 676 2113 et
683 2067 757 2114 furere
765 2081 817 2114 cre·

150 2129 215 2175 deres
225 2138 249 2176 et
256 2131 364 2177 lascivire·
381 2130 537 2179 conflixerant
548 2139 600 2178 ante
611 2132 689 2180 armati
701 2132 816 2179 exerdbrs

149 2194 174 2239 iu
191 2193 259 2249 Urbe,
276 2195 309 2241 bia
320 2194 350 2241 L.
361 2194 430 2249 Sunt,
447 2196 517 2242 semel
529 2193 605 2244 Cr'nnd
615 2196 756 2244 victoribuaz·
771 2211 816 2244 nec

148 2263 204 2302 tunc
213 2258 288 2308 minua
299 2259 447 2307 crudelitatis:
463 2275 523 2307 nunc
534 2262 654 2308 inhumana
664 2261 779 2313 securitas.
792 2269 818 2308 et

148 2335 179 2368 na
192 2321 285 2368 minimo
301 2324 390 2381 quidem
408 2325 515 2385 temporis
527 2324 651 2386 voluptates
661 2325 812 2373 intentasse:

52 2399 60 2404 ·
148 2384 211 2434 velut
220 2383 284 2431 festis
294 2386 371 2436 diebus
381 2387 404 2433 id
415 2404 504 2449 quoquc
513 2390 620 2450 gaudium
632 2390 752 2442 mcederet,
771 2405 813 2436 ex·
915 2443 916 2448 ,

147 2447 266 2501 iuuant,
285 2449 428 2509 fruebantur3
447 2452 684 2516 nulldpartiumctut,
695 2453 760 2503 malis
771 2470 816 2516 pu·
915 2449 916 2473 ¹

147 2511 324 2623 thlXXXIV.
340 2576 466 2627 Plurimum
475 2582 540 2628 molis
550 2582 574 2626 iu
585 2583 753 2643 oppugnatione
763 2597 816 2631 cu·

146 2648 230 2691 trorum
246 2639 295 2696 tuit,
311 2656 363 2712 qua
375 2645 501 2692 mamus
512 2645 612 2710 quisque,
629 2652 655 2694 at
665 2647 816 2700 novissim
914 2637 915 2678 }
