1834 2900
149 132 181 175 88
215 113 634 175 HISTORIARUMLmIL'Car.
643 124 684 172 74.
696 119 811 167 Mm-

138 258 193 304 'bus
212 256 281 304 initiis
299 252 408 319 coeptum‚''
421 257 563 303 mendacium
581 256 658 302 voluit.
690 247 815 301 Exstit'e'rat

122 338 124 343 ·
152 322 249 382 qnidam,
267 322 436 369 Scribonianum
448 337 473 368 se
485 320 628 369 Camerinum
639 320 723 374 ferens,
740 316 817 363 Nero-¹

152 387 270 433 alanorum
282 395 406 449 temporum
418 394 480 433 metu
490 388 514 432 in
526 384 743 436 Istritioccultatum,
755 380 815 441 quod

152 450 198 496 tllic
209 452 319 499 clientelae
331 460 354 499 et
365 444 413 515 egri
424 459 524 498 veterum
537 448 671 498 Crassorum
682 464 708 494 ae
719 447 815 492 nominis

151 514 217 562 fauor
234 518 343 565 manebat.
377 515 452 578 Igitur
468 516 588 562 deterrimo
603 529 693 575 quoque
709 514 732 558 in
747 526 814 571 argu·

153 589 254 627 mentum
262 581 343 629 fabulae
351 589 459 638 assumto,
475 581 558 641 vulgus
572 576 814 645 credulumet‘quidam

154 646 257 702 militum,
275 662 350 694 errore
367 649 421 700 verI,
438 658 478 691 seu
494 646 607 691 turbarum
618 644 699 697 studio,
716 642 816 687 certatim

156 713 350 773 aggregabuntur3
367 726 418 757 cum
434 717 558 771 pertractus
569 710 597 755 ad
608 708 732 758 Vitellium.
747 706 815 752 inter·

156 785 298 837 rogatusque,
308 778 409 837 quisnam
418 775 545 821 mortalium
555 782 622 828 esset,
629 780 747 835 postquam
759 770 819 815 nuda

154 842 219 887 dictis
237 841 298 894 tides,
316 848 339 887 et
354 856 367 887 a
385 841 476 886 domiuo
487 840 627 894 noscebatur,
644 838 771 883 conditione
781 833 817 880 fu·

153 906 245 967 gitivus,
263 906 353 952 noque
365 906 430 959 Geta,
442 912 541 951 sumtum
552 904 581 951 do
589 919 617 950 eo
627 902 760 965 suppbcium
770 914 819 946 ser·

125 985 133 997 ··
153 970 221 1015 uilem
232 970 256 1015 in
267 971 365 1015 modum.

165 1066 168 1071 ,
188 1033 310 1079 LXXIII.
328 1034 376 1080 Vix
393 1035 496 1081 credibile
512 1039 637 1081 memoratu
650 1039 692 1087 est,
709 1037 817 1092 quantum

155 1099 263 1160 superblae
277 1098 429 1160 socordiaeque
444 1099 539 1145 Vitellio
555 1099 685 1151 adoleverit,
700 1103 824 1158 postquam·

155 1163 305 1225 speculatores
321 1180 334 1211 e
354 1162 420 1225 Syrid
438 1162 569 1224 Judaeatqua
585 1164 688 1209 adactum
707 1162 731 1206 iu
752 1161 819 1207 verbs

156 1228 205 1289 elus
223 1226 345 1284 Orientem,
363 1227 502 1275 nuntiavere.
534 1228 602 1282 Nam,
619 1228 662 1274 et'sr·
673 1226 820 1291 vagis'adlrue

155 1300 179 1337 et
198 1292 289 1339 incertis
307 1294 440 1349 auctoribus,
457 1301 505 1340 erat
523 1293 639 1340 tamenin
657 1306 696 1338 ore
714 1289 820 1349 famique

156 1356 321 1419 Vespasianum
338 1374 369 1404 se
380 1359 510 1420 plerumque
523 1359 551 1404 ad
561 1372 645 1403 nomen
655 1358 703 1419 ejus
714 1354 822 1400 Vitellius

155 1422 299 1470 exbitabatur.
316 1422 376 1469 Tum
388 1425 443 1486 ipse,
455 1424 617 1484 exercitusque,
628 1430 653 1468 ut
661 1420 722 1468 nullo
730 1419 822 1476 aemulo,

155 1486 248 1543 saevitil,
266 1489 363 1547 libidine,
381 1498 450 1552 raptu,
468 1490 492 1534 in
509 1498 614 1535 externos
628 1497 822 1547 moresprorupe·

155 1559 213 1600 rant.
554 1591 560 1598 .

187 1616 307 1666 Lxxlv,
330 1619 363 1665 At
385 1618 539 1680 Vespasianus
558 1618 641 1664 bellum
662 1629 775 1676 amraque,
799 1619 824 1661 at

154 1684 234 1744 procul
245 1685 354 1746 veljuxto
365 1685 418 1730 sitas
430 1685 495 1736 vites,
512 1682 716 1743 circumspectabat
751 1679 824 1726 Miles

53 1796 56 1805 ,
156 1748 198 1809 ipsi
220 1748 275 1794 adeo
294 1756 390 1810 paratus,
411 1757 435 1795 ut
453 1755 591 1810 preeuntem
610 1752 782 1799 sacromentum,
800 1750 826 1790 et

154 1811 228 1858 fausta
240 1811 332 1859 Vitellio
343 1813 419 1859 omnia
432 1821 566 1875 preeuntem,
583 1812 746 1874 persilenrium
757 1809 824 1856 audi·

154 1877 220 1922 erint.
254 1876 356 1924 Muciani
371 1877 458 1923 culmus
474 1893 516 1923 nec
531 1877 671 1939 Vespasitrno
688 1876 782 1927 alienus.
800 1881 826 1921 et

154 1939 267 1988 inlitum
278 1943 376 2002 pronior.
410 1941 535 1988 Praefectus
548 1942 657 2004 AEgyptu
667 1940 705 1985 tr.
718 1941 825 1986 Alexan·

155 2005 201 2058 der,
214 2005 311 2052 consilia
327 2007 457 2054 sociaverat.
489 2005 589 2053 Tertiam
601 2007 720 2068 legionem,
737 2005 800 2064 quod
810 2018 826 2050 e

154 2067 222 2130 Syriti
230 2071 253 2116 in
263 2071 371 2118 Moeslam
380 2072 502 2125 transiisset,
509 2086 572 2116 suam
579 2072 719 2117 numerabat:
731 2078 826 2115 caeterae

155 2133 241 2195 lllyriol
248 2136 349 2199 legiones
355 2144 466 2182 secuturae
473 2137 827 2197 sperabantuarnamqueomnes

154 2201 267 2247 exercitus
284 2201 437 2248 flammaverat
455 2202 584 2262 arrogantia
599 2200 763 2246 venientiuma
779 2197 827 2244 Vi·

154 2263 217 2310 tellio
228 2265 338 2322 militum;
350 2265 410 2325 quod
419 2272 497 2311 truces
507 2279 608 2326 corpore,
618 2264 701 2311 horridi
711 2278 828 2318 sermone,

154 2336 257 2386 caeteros,
275 2336 300 2375 ut
316 2330 419 2391 impares,
433 2329 562 2376 Irridebant.
596 2330 641 2376 Sed
653 2330 675 2375 in
686 2327 752 2374 tanti
762 2329 829 2374 mole

154 2393 206 2439 belli
222 2393 354 2453 plerumque
365 2393 702 2455 cunctatios.etVespasianus‚
719 2393 791 2438 modo
798 2393 829 2438 in

154 2471 217 2518 spem
226 2466 319 2510 erectus,
332 2458 450 2516 aliquando
461 2459 554 2506 adversa
565 2459 694 2521 reputabat:
713 2457 776 2511 eris
787 2457 830 2503 ille

152 2521 200 2566 alie's
207 2519 272 2574 foret,
281 2537 325 2581 quo
337 2521 385 2567 LX
397 2524 552 2570 aetatIsauuos
559 2525 651 2570 etduos
660 2522 719 2569 filios
722 2523 829 2583 juvenes

150 2584 209 2630 bello
227 2586 384 2645 pemritteret?
401 2586 569 2649 Esse-privans
586 2587 760 2655 cogitationibus
770 2601 831 2650 pro·

145 2657 392 2714 monumentorum
412 2651 565 2716 'sellunptus
585 2653 774 2700 minusve-sumi
797 2665 831 2700 ex
906 2694 907 2721 3
