1834 2900
178 118 210 160 ss
267 103 839 160 HISTORIARUMLul.cn.sa.neas·

178 242 277 288 animum
294 240 426 300 vultumque
443 240 552 295 conversi,
570 254 599 286 ne
615 237 715 285 diffidere
729 238 802 284 dubiis
815 253 839 284 sc

177 321 256 368 parum
267 305 365 368 gaudem
375 306 486 367 prosperis
495 303 630 351 viderentur.
656 302 742 350 Coacta
753 303 840 349 veroin

178 371 262 417 curiam
286 377 371 424 senatu,
388 371 470 416 arduus
491 382 566 415 rerum
587 369 687 415 omnium
709 368 796 421 modus,
813 382 840 412 ue

178 443 300 482 contumax
311 435 430 490 silentium,
441 449 471 480 ne
482 440 585 495 suspecta
594 433 690 479 libertas.
715 433 748 479 Et
756 434 839 493 privato

179 499 265 548 Othoni
284 515 360 562 nuper,
378 506 444 560 atque
463 498 540 544 eadem
559 498 647 552 dicenti,
664 504 718 544 nota
739 497 841 543 mulatio.

96 571 100 574 ’
176 563 253 627 Igitur
262 580 352 612 versare
362 560 492 617 sententias,
508 563 583 608 etbuc
594 570 662 622 atque
670 562 725 608 illuc
731 570 839 622 torquere,

177 632 266 677 hostem
278 637 301 676 et
311 629 441 691 parricidam
453 614 571 673 tltellium
582 634 704 674 vocantes:
722 626 840 687 providen-

177 696 277 742 tissimus
294 695 387 755 quisque
402 691 532 753 vulgaribus
549 692 672 748 conviciis,
689 691 780 750 quidam
790 705 841 736 rere

177 760 257 822 probra
274 761 356 822 jacere,
374 758 397 803 in
419 757 517 804 clamore
538 764 622 812 tamen,
639 764 662 802 et
684 755 721 800 ubi
739 755 841 816 plurimae

177 831 252 877 voces,
269 830 307 870 aut
318 823 415 868 tumultu
425 822 544 867 verbomm
555 821 595 866 sibi
607 821 648 882 ipsi
659 821 822 881 obstrepentes.

209 885 356 934 LXXXVI.
372 885 479 948 Prodigia
499 886 591 946 insuper
612 885 731 939 terrebant,
748 885 841 930 diversis

176 952 302 1001 auctoribus
320 951 419 1012 vulgata
452 948 482 995 In
497 950 607 996 vestibulo
625 947 730 1010 Capitolii
748 949 842 995 omissas

176 1018 273 1064 habenas
283 1016 349 1077 bigae,
366 1016 402 1061 cui
418 1013 521 1062 Victoria
533 1015 657 1060 institerat:
676 1014 778 1074 erupisse
788 1012 843 1060 celii

177 1080 275 1131 Juuonis
283 1081 388 1142 majorem
400 1077 497 1126 humani
508 1080 619 1140 speciem:
632 1085 729 1125 statuam
740 1076 775 1123 D.
786 1077 842 1125 Julii

176 1146 200 1191 in
218 1144 292 1191 insuit
308 1144 408 1191 Tiberini
421 1145 501 1198 amnis,
518 1159 597 1190 sereno
612 1150 635 1190 et
649 1144 743 1188 immoto
754 1143 799 1196 die,
817 1143 843 1188 ab

177 1207 301 1257 Occidente
315 1210 338 1254 in
355 1209 473 1256 Orientem
490 1222 638 1255 conversam:
657 1208 801 1268 prolocutum
820 1207 842 1251 ln

178 1274 272 1322 Etruria
281 1275 375 1320 bovem:
389 1274 493 1320 insolitos
502 1273 630 1319 anlmallum
641 1279 733 1334 partus3
745 1279 769 1317 et
780 1271 843 1333 plura

177 1340 225 1394 alia,
243 1339 333 1386 rudibus
350 1339 439 1386 saeculis
453 1339 521 1387 etiam
537 1339 562 1383 in
577 1351 631 1398 pace
647 1337 774 1392 observata,
791 1350 842 1396 quae

177 1411 237 1451 nunc
252 1410 339 1451 tantum
350 1405 373 1450 ln
384 1411 446 1450 metu
462 1402 589 1451 audiuntur.
622 1401 667 1449 Sed
681 1402 810 1463 praecipuus
820 1408 842 1446 et

177 1484 228 1515 cum
245 1470 351 1529 praeaenti
368 1468 436 1514 exitio
447 1470 515 1514 etiam
532 1467 600 1513 futuri
619 1482 695 1528 pavor,
712 1465 788 1513 subiti
807 1467 842 1511 in·

177 1534 298 1579 undatione
309 1532 410 1589 'Iiberis3
422 1534 461 1593 qui
469 1533 580 1578 immenso
591 1538 664 1585 auctu,
673 1539 765 1592 proruto
774 1538 842 1592 ponte

177 1598 275 1653 sublicio,
292 1613 317 1644 ac
329 1608 405 1659 strage
412 1597 520 1644 obstantis
529 1596 596 1643 molis
605 1595 700 1653 refusus,
716 1610 764 1641 non
774 1595 842 1641 modo

171 1664 270 1727 Jacentis
280 1671 303 1710 et
313 1663 379 1724 plana
391 1662 460 1709 Urbis
470 1662 528 1718 loca,
545 1661 584 1707 sed
592 1675 670 1707 secura
683 1660 795 1722 ejusmodi
805 1675 842 1706 ea·

177 1742 242 1789 suum
259 1728 367 1789 implevit.
400 1726 469 1787 Rapti
480 1725 591 1789 epublico
604 1725 710 1786 plerique,
726 1725 804 1786 plures
818 1725 842 1769 in

176 1793 273 1839 tabernis
290 1800 313 1838 et
330 1790 437 1839 cubilibus
452 1791 580 1852 intercepti
609 1789 693 1836 Fames
708 1790 732 1835 ln
750 1790 842 1850 vulgus,

175 1856 251 1921 inopia
266 1857 366 1916 quaestus
385 1864 408 1903 et
424 1855 518 1917 penuriis
531 1856 694 1902 alimentorum.
728 1852 844 1915 Corrupta

175 1922 330 1982 stagnantibus
347 1922 410 1982 aquis
426 1922 549 1967 insularum
559 1919 710 1972 fundamenta,
727 1918 787 1972 dein,
805 1934 842 1964 re·

175 1992 265 2033 meante
278 1984 375 2041 flumine,
393 1986 484 2048 dilapsa.
516 1984 595 2045 thue
610 1984 708 2046 primum
722 1998 811 2029 vacuus
829 1997 844 2029 a

152 2062 153 2067 ’
174 2051 274 2113 periculo
289 2052 376 2097 animus
392 2050 441 2105 suit,
458 2050 482 2095 id
498 2051 579 2112 ipsum,
595 2049 656 2109 quod
672 2048 759 2110 paranti
769 2062 841 2109 expe·

175 2116 282 2162 ditionem
300 2115 393 2171 Othoni,
409 2130 502 2176 campus
516 2114 617 2161 Martius
634 2120 659 2159 et
674 2113 712 2160 ria
727 2110 842 2158 Flaminia
868 2167 871 2171 ι

174 2181 217 2227 iter
226 2182 279 2227 belli
289 2188 349 2228 esset
363 2181 500 2227 obstructum
519 2194 533 2225 a
547 2179 646 2226 sortuitia
655 2177 693 2224 vel
704 2178 843 2223 naturalibus

175 2246 254 2300 causis,
271 2248 295 2292 in
309 2245 435 2307 prodigium
453 2251 477 2291 et
487 2239 555 2290 omen
565 2244 731 2291 imminentium
742 2242 841 2289 cladim

174 2312 309 2355 vertebatur.
516 2325 519 2335 ·
668 2304 670 2314 '
763 2327 766 2331 ⁴

207 2370 367 2418 LXXXVII.
379 2372 448 2426 Otho,
459 2372 553 2419 lustrati
559 2372 629 2427 Urbe,
639 2379 664 2419 et
674 2372 779 2433 expensis
790 2372 844 2418 belli
858 2408 864 2419 .

175 2436 280 2489 consiliis,
297 2436 386 2496 quando
395 2434 491 2483 Peninae
506 2434 635 2497 Cottiaeque
646 2438 718 2498 Alpes
729 2443 753 2481 et
763 2436 843 2483 ceteri

80 2512 84 2520 ·
175 2498 300 2545 Galliarum
311 2501 384 2548 aditus
395 2500 524 2547 Vitellianis
533 2502 668 2547 exercitibus
674 2500 843 2554 claudebantur,
904 2543 905 2546 ,

174 2558 345 2611 Narbonensem
357 2565 455 2613 Galliam
470 2564 562 2627 aggredi
574 2564 672 2621 statuit;¹
683 2564 755 2611 classe
766 2562 845 2611 validi
904 2553 905 2634 i

172 2631 196 2671 et
212 2628 310 2689 partibus
326 2628 378 2689 fidi,
394 2630 454 2691 quod
468 2628 567 2691 εάἰῳιοι
583 2644 694 2681 cesorum
708 2629 737 2678 ad
747 2637 844 2697 pontem
904 2645 905 2648 ¹
