1834 2900
175 131 206 176 το
247 115 712 174 HISTORIARUML1s11.0n.sr.
726 128 840 168 ocum.

176 255 269 310 ancoris,
294 269 345 316 quae
366 253 495 300 finnitatem
516 255 592 316 potitis
614 254 763 300 continerent.
796 252 840 300 Sed

176 332 308 367 ancorarum
325 319 391 365 funes
408 335 453 365 non
471 320 560 364 extenti
573 317 694 373 fluitabant,
720 327 751 372 nt,
773 332 842 380 ange·

174 391 251 431 scente
269 383 370 440 flumine,
386 383 509 430 inoffensis
528 383 582 429 ordo
594 384 685 430 navium
695 385 842 430 attolleretur.

177 446 300 498 Claudebat
313 456 405 510 pontem
423 449 528 510 imposita
545 448 618 502 turris,
635 455 658 494 et
675 448 699 493 in
717 456 840 494 extremam

174 525 254 560 navem
275 515 368 571 educta;
385 513 445 560 unde
464 513 583 559 torruentis
600 528 626 558 ac
644 514 755 560 machinis
767 514 841 560 hostes

175 579 364 642 propulsarentur.

206 643 314 690 XXXV.
333 642 454 688 Othoniani
465 642 489 686 in
500 639 547 703 ripri
558 641 638 687 turrim
650 648 787 697 struxerant,
805 657 838 688 sa·

174 721 247 769 nsque
265 716 287 754 et
304 707 366 754 faces
379 706 540 768 jaculabantur.
573 702 606 752 Et
623 715 670 752 erat
686 706 761 753 insula
774 722 838 752 mnne

174 776 255 827 medio,
272 773 372 833 inquam
384 771 518 832 gladiatores
530 771 623 816 naribus
633 771 759 825 molientes,
779 772 839 818 Ger·

176 841 235 885 mani
253 838 326 884 nando
341 835 523 898 praelsbebsntnr.
556 836 592 881 Ac
607 835 666 881 forte
679 835 754 896 plures
767 844 840 883 trans·

108 899 114 911 ’
174 917 271 965 gressus,
289 902 405 962 completIs
416 898 549 953 Liburnicis,
565 915 606 961 per
615 901 781 961 promtissimus
792 901 841 964 gla-

175 969 286 1014 diatorum
305 964 384 1012 Illacer
404 965 540 1026 aggreditur.
579 965 624 1010 Sed
644 977 716 1024 neque
737 979 766 1011 ea
786 981 840 1012 onn-

176 1033 259 1079 stantia
274 1030 432 1093 gladiatoribus
448 1031 476 1076 ad
490 1031 577 1091 proelis,
594 1043 645 1088 quae
659 1029 781 1086 militibus;
799 1046 841 1078 nec

174 1097 266 1158 perinde
285 1103 388 1142 nutantes
407 1110 420 1140 e
439 1095 538 1147 navibus,
556 1108 621 1154 quam
641 1094 714 1140 stabili
732 1096 806 1156 gradu
828 1111 841 1142 e

175 1159 231 1222 ripn,
248 1161 341 1206 vulnera
352 1159 484 1222 dirigebant.
515 1159 554 1212 Iit,
572 1173 623 1204 curn
640 1159 707 1204 uariis
724 1161 839 1220 trepidan-

148 1271 151 1276 ,
176 1225 233 1272 llum
246 1225 423 1272 inclinationibus
437 1225 501 1270 misti
513 1224 609 1284 remiges
620 1232 841 1286 propugnatoresque

175 1292 323 1345 turbarentur,
341 1290 428 1336 desilire
443 1290 467 1334 in
484 1290 542 1335 vada
558 1289 618 1334 ultro
630 1289 746 1342 Germani,
765 1298 840 1336 reten-

175 1357 223 1403 tare
233 1369 324 1418 puppes,
342 1355 447 1400 scandere
457 1352 525 1407 loros,
536 1361 575 1400 aut
582 1355 708 1399 cornminus
718 1367 837 1416 mergere:
897 1376 898 1397 t

175 1431 227 1483 quae
246 1427 332 1475 cuncta,
349 1419 372 1465 in
392 1417 463 1466 oculis
481 1419 596 1479 utriusque
617 1417 737 1472 exercitlls,
753 1425 838 1479 quanto
897 1451 898 1476 2

175 1486 262 1533 letina
282 1484 415 1539 Vitellianis,
432 1491 496 1531 tanto
515 1485 588 1530 acrius
607 1483 730 1531 Othoniani
749 1499 839 1531 causam
897 1495 898 1542 ξ

175 1558 334 1609 ductoremque
343 1549 413 1596 clarile
423 1550 594 1595 detestabantur.
897 1589 898 1598 ,

208 1612 332 1661 XXXVI.
349 1613 382 1661 Et
391 1614 496 1677 proelium
507 1614 603 1674 quidem,
619 1613 716 1674 abruptis
734 1627 788 1673 qnae
803 1628 840 1660 su·
897 1619 898 1666 i

175 1686 279 1743 peresam
287 1678 387 1734 navibus,
399 1677 454 1741 fugb
462 1679 595 1724 diremtum:
615 1676 696 1723 Macer
706 1677 734 1723 ud
746 1678 839 1724 exitium

176 1745 315 1809 poscebatur.
332 1743 429 1803 Jamque
437 1743 577 1790 uulneratum
589 1742 676 1789 eminus
687 1738 764 1787 lanceis
775 1744 839 1789 stric-

176 1810 206 1856 tis
227 1809 307 1870 gladiis
328 1806 463 1861 invaserant,
480 1822 531 1853 cum
553 1807 678 1853 intercursu
700 1806 839 1854 tribunorum

178 1874 377 1931 centurionumque
394 1872 526 1933 protegitur.
559 1870 610 1917 Nec
627 1871 698 1917 multo
715 1878 767 1932 post
781 1871 840 1919 Ves-

173 1939 251 1987 tricius
271 1937 388 1999 Spurinna,
402 1936 469 1999 jussu
491 1936 593 1990 Othonis,
616 1936 694 1981 rehcto
716 1934 839 1982 Placentia

89 2038 90 2043 ,
174 2004 263 2051 modico
281 2002 391 2068 praesidio,
415 2016 467 2047 curn
488 2002 615 2047 cohortibus
634 2000 743 2046 subvenit
778 1998 840 2047 Deis

175 2068 278 2117 Flavium
292 2068 403 2121 Sabinum,
420 2066 535 2113 consulem
548 2066 697 2126 designatum,
714 2063 777 2111 Otho
789 2080 837 2111 rec·

173 2143 246 2181 torem
265 2132 335 2194 copiis
354 2132 421 2185 misit,
437 2131 517 2191 quibus
536 2130 617 2176 Macer
633 2128 768 2191 praefuerat3
785 2126 838 2175 laeto

174 2200 246 2245 milite
256 2198 284 2244 ud
294 2198 440 2243 mutationem
452 2196 540 2249 ducum,
557 2202 581 2240 et
596 2194 688 2240 ducibus
706 2194 734 2239 ob
750 2194 838 2241 crebras

174 2262 293 2311 seditiones
304 2268 350 2307 tam
361 2260 465 2307 infestam
477 2260 577 2305 mllitiam
588 2258 778 2320 adspernantibus.

206 2323 343 2373 XXXVII.
361 2324 456 2371 Invenio
474 2325 532 2385 apud
547 2324 654 2383 quosdam
672 2331 780 2379 auctores,
797 2338 836 2386 pa·

172 2403 227 2438 rore
242 2389 300 2444 belli,
317 2404 356 2435 seu
375 2388 463 2434 fastidio
481 2389 596 2448 utriusque
613 2388 725 2449 principis,
742 2403 835 2448 quorum

173 2454 259 2515 flagitia
266 2468 292 2499 ac
303 2452 399 2498 dedecus
408 2452 517 2511 apertiore
525 2452 548 2496 in
556 2452 604 2498 dies
612 2450 670 2497 iamai
682 2454 836 2506 noscebantur,

172 2514 283 2564 dubiusse
294 2516 413 2571 exercitus,
431 2530 491 2570 num,
508 2516 581 2575 posito
599 2516 725 2569 certamine,
743 2516 800 2563 veli
817 2517 835 2562 si

169 2582 193 2629 in
204 2581 301 2627 medium
317 2580 475 2633 consultarent,
491 2579 528 2624 vel
539 2580 625 2625 senatui
635 2581 791 2640 permitterent
802 2532 837 2626 i·

167 2641 222 2707 sgere
237 2650 406 2706 imperatorem:
426 2650 492 2703 atque
503 2657 530 2689 eo
541 2642 608 2689 duces
619 2641 762 2691 Othonianos
779 2659 833 2707 sps-
