1834 2900
165 126 198 167 44
255 116 501 167 HISTORIARUM
513 119 565 167 Lra.
572 119 592 167 I.
604 120 663 169 One.
671 123 836 168 81.U·C·8‘2³·

154 250 212 295 duro
224 249 285 295 oorlo
297 255 425 295 consertum
432 266 440 307 ;
457 257 484 296 ut
499 250 675 297 sdversmictus
684 252 822 313 impenetra-

156 308 206 369 bile,
221 314 253 361 ite
263 314 347 375 impetu
359 315 455 361 hostium
467 316 591 377 provolutis
600 316 697 363 inhabile
707 316 736 362 od
747 330 823 362 resur-

156 379 271 441 gendum:
291 379 358 425 simul
375 378 492 427 altitudine
508 387 531 426 et
546 379 640 430 mollitiis
656 382 714 427 nivis
731 381 821 426 haune-

156 445 243 490 bantur.
277 443 394 491 Romsnus
405 444 471 490 miles
480 444 539 491 facili
554 444 624 491 loriod
641 452 664 491 et
681 444 760 491 missili
776 444 824 507 pilo

157 515 196 555 aut
214 509 296 556 lsnceis
315 510 432 563 assultans,
449 510 486 555 ubi
506 524 542 555 res
557 516 666 571 posceret,
683 510 727 556 levi
745 509 825 571 gladio

157 574 265 620 inermem
284 574 407 629 Sarmatam
425 574 509 636 (neque
526 575 585 620 enim
597 574 685 621 defendi
696 580 760 620 scuto
771 590 825 621 mos

157 636 202 699 cst)
226 639 351 688 comminus
369 639 482 694 fodiebet3
498 639 571 685 donec
591 640 663 701 pauci,
680 640 718 699 qui
739 640 824 699 proelio

156 698 319 765 superfuerant,
336 702 450 763 paludibus
468 704 612 749 abderentur:
633 704 663 749 ibi
674 702 761 750 saeritii
772 703 823 749 hie·

156 768 199 814 mir
217 775 239 813 et
255 768 278 815 vl
293 768 411 813 vulnerum
428 768 530 814 absumti.
563 768 687 829 Postquam
703 768 726 813 id
736 767 824 815 Romae

156 839 301 895 compertum,
318 831 355 879 M.
365 832 475 893 Aponius,
493 832 601 880 Monam
611 833 723 889 obtinens,
739 833 823 878 trium-

157 898 216 959 phali
234 894 313 949 statui,
330 895 425 943 Fulvius
442 896 550 943 Aurelius
559 905 583 943 et
593 897 697 945 Julianus
707 896 784 943 ‘iitius
795 912 825 943 ue

156 960 275 1007 Numisius
286 959 371 1021 Lupus,
388 962 457 1023 legati
474 962 596 1024 legionum,
614 963 766 1009 consularibus
780 978 822 1007 or-

156 1026 267 1077 namentis
283 1025 406 1071 donentur:
425 1026 480 1073 laeto
494 1026 592 1082 Othone,
609 1034 632 1074 et
648 1028 744 1089 gloriam
758 1027 784 1073 in
795 1042 824 1073 se

155 1090 262 1144 trahente,
273 1095 386 1149 tamquam
398 1098 421 1137 et
431 1092 480 1152 ipse
489 1091 545 1138 felix
554 1092 619 1148 bello,
631 1100 655 1139 et
665 1092 712 1139 suis
722 1092 820 1138 ducibus

155 1154 245 1215 ortisque
255 1155 388 1201 exercitibus
399 1170 469 1220 remp
479 1158 586 1204 auxhset.
645 1182 648 1187 ·

157 1246 159 1251 ·
186 1216 293 1265 Lxxx.
311 1218 385 1271 Parvo
397 1222 485 1267 interim
496 1222 568 1276 initio,
585 1221 645 1267 unde
656 1221 712 1267 nihil
723 1222 821 1269 timebo·

154 1290 198 1337 tur,
215 1292 264 1330 orte
274 1284 353 1331 seditio
363 1300 432 1347 prope
444 1284 502 1332 Urbi
510 1287 598 1336 excidio
612 1286 662 1333 fuit.
695 1286 820 1347 Semnum

154 1349 261 1394 decimam
272 1350 395 1406 cohortem,
412 1348 521 1397 ecolonii
531 1349 631 1397 Ostiensi
642 1352 666 1397 in
679 1350 771 1404 Urbem
780 1366 822 1397 ec·

155 1414 195 1459 ciri
213 1412 275 1460 Otho
285 1415 398 1477 jusserat:
418 1416 531 1463 ormandae
548 1417 596 1479 ejus
606 1431 661 1466 cura
671 1415 744 1463 Vario
755 1414 823 1464 Cris·

154 1479 219 1540 pino,
238 1481 326 1525 tribuno
346 1495 359 1525 e
377 1481 525 1541 pretorianis,
542 1483 600 1528 duta,
631 1479 663 1536 ls,
679 1498 724 1544 quo
742 1484 819 1542 megin

153 1550 244 1597 mouns,
261 1545 342 1604 quletis
353 1547 437 1600 castris,
450 1547 515 1608 jussa
531 1554 697 1613 exsequeretur,
714 1547 820 1613 pehicula

154 1610 258 1663 cohortis,
275 1609 394 1672 incipiente
406 1619 478 1665 nocte,
494 1612 591 1668 onerari,
603 1619 679 1672 aperto
690 1625 818 1657 armamen-

152 1675 216 1729 tario,
229 1675 308 1736 jubet:
328 1682 416 1736 tempus
434 1676 456 1721 in
473 1676 636 1737 suspicionem
654 1690 721 1722 musa
736 1677 760 1720 in
773 1676 819 1720 cri-

153 1755 205 1785 men
214 1757 221 1796 ;
239 1739 348 1786 affectatio
359 1739 440 1800 quietis
450 1741 474 1786 in
484 1741 605 1786 tumultum
616 1741 715 1787 evaluitt
734 1747 758 1786 et
768 1741 821 1787 risa

152 1805 211 1854 inter
220 1805 355 1856 temulentos
365 1819 427 1850 arma
436 1805 562 1866 cupidinem
572 1807 606 1852 sui
614 1803 712 1852 morire.
729 1803 820 1852 Frento

151 1869 222 1922 miles,
240 1875 263 1914 et
280 1869 381 1917 tribunos
395 1870 581 1930 centurionesque
591 1870 722 1932 proditionis
733 1870 817 1934 aeglrit,

149 1939 264 1994 tamquam
283 1933 374 1980 familie
391 1941 520 1982 senatorum
537 1935 565 1980 ad
581 1936 701 1998 perniciem
718 1933 818 1998 Othonis

150 2006 302 2049 armarentur:
322 2013 373 2061 psrs
389 2000 462 2062 ignari
479 2006 503 2046 et
519 2001 573 2047 rino
591 2015 686 2062 graves:
704 2000 817 2061 possim

148 2066 244 2126 quisque
261 2065 285 2111 in
303 2065 441 2112 occasionem
460 2065 602 2127 praedsrum:
621 2065 711 2127 vulgus,
728 2071 816 2114 atnoe

146 2137 189 2186 est,
207 2132 365 2191 cujuscumque
382 2130 457 2176 motiis
471 2130 525 2179 novi
535 2130 653 2192 cupidum:
673 2136 697 2177 et
706 2130 814 2190 obsequia

147 2195 266 2242 meliorum
283 2209 330 2241 nox
346 2195 478 2242 abstulerotr
498 2197 639 2242 resistentem
657 2195 760 2241 seditioni
771 2195 815 2240 tri·

147 2261 232 2306 bunum
260 2265 283 2304 et
311 2261 464 2308 serenissimos
485 2261 641 2307 comunionem
662 2261 812 2314 obtnrncama

147 2331 289 2434 {limem
302 2325 378 2434 putiteti
388 2325 464 2386 gladii,
480 2326 602 2372 insidentes
612 2325 675 2386 equis
690 2324 777 2371 Urbem
788 2336 816 2371 ec

172 2401 263 2434 settim
312 2403 342 2434 un

181 2451 255 2498 LXX
283 2451 303 2498 l.
319 2453 376 2500 Erat
387 2453 473 2501 Othoni
492 2455 579 2502 celebre
589 2454 718 2502 convivium
729 2455 816 2516 primo·

146 2517 207 2563 ribus
216 2516 307 2563 feminis
317 2519 429 2580 virisque3
446 2520 484 2580 qui
500 2520 586 2582 trepidi,
601 2519 738 2566 fortuitusne
752 2519 815 2565 mili·

146 2587 195 2628 tum
212 2581 280 2636 furor,
298 2597 326 2630 an
346 2583 410 2632 dolus
426 2585 573 2646 imperatoris,
589 2599 681 2630 monere
695 2599 722 2629 ac
732 2583 813 2646 depre-

146 2647 221 2706 hendi,
230 2661 257 2694 ao
269 2646 348 2710 lugere
358 2660 382 2696 et
390 2649 496 2714 dispergi,
507 2649 654 2712 periculosius
660 2646 734 2708 foret3
745 2649 816 2697 mdc
