1834 2900
157 125 188 168 os
238 99 690 168 rrrsrosrisunonrcnso.
705 112 830 152 unau-

157 249 249 304 ‘lemtim
257 249 292 295 die
303 255 423 310 repertum,
439 255 464 295 et
474 255 573 295 cremato
579 247 626 308 jtsm
637 239 725 304 corpori
734 237 828 284 admix-

158 321 206 360 tum
217 321 259 360 eet.
292 312 362 360 Hunc
372 315 457 359 exitum
469 312 546 359 habuit
562 311 610 358 Ser.
623 308 701 360 Galba,
718 304 791 350 trihus
802 309 831 346 et

157 379 298 439 septuaginta
309 378 373 424 annis
383 379 482 439 quinque
491 377 602 438 principes
615 369 721 434 prosperi
731 363 830 413 sonunt

159 456 271 496 emensus,
284 449 307 488 et
318 443 391 489 alieno
402 442 495 504 imperio
502 441 595 494 felicior,
606 453 673 499 quam
685 449 734 481 suo.
749 430 829 476 Vetus

156 507 181 552 in
198 504 282 553 familii
296 508 405 562 nobilitas,
422 521 513 567 magnae
529 520 596 567 opes:
615 503 658 564 ipsi
673 499 771 546 medium
786 495 825 539 in·

157 571 257 632 genium,
279 572 352 633 magis
373 579 437 619 extra
458 570 522 626 vitia,
536 584 602 630 quam
624 581 676 612 curn
696 560 826 614 virtutibus.

160 633 238 682 Famae
258 651 299 682 nec
321 636 451 690 incuriosus,
477 649 519 680 nec
541 633 674 679 venditator.
715 623 828 673 Pecuniae

159 700 239 758 alienae
256 715 302 747 non
321 707 434 761 appetens,
451 713 500 745 suae
517 713 603 760 percus,
620 695 714 757 publioae
735 702 829 736 avarus.

161 764 293 814 Amicorum
314 764 494 824 libertorumque,
512 764 549 808 ubi
570 763 593 807 in
611 762 683 807 bonos
701 754 826 806 incidisset,

161 830 209 876 sine
220 829 390 890 reprehensione
400 829 501 890 patiens;
518 829 537 872 si
552 825 604 871 mali
614 824 696 878 forent,
713 817 827 878 usquead

159 894 247 954 culpam
257 894 356 954 ignarus.
381 891 425 938 Sed
436 892 524 938 claritas
531 891 638 937 natalium
648 894 671 934 et
681 892 754 932 metus
762 889 825 927 tem·

160 972 239 1019 porum
250 957 357 1011 obtentui,
374 963 405 1009 ut,
422 956 483 1017 quod
490 956 588 1017 segnitia
597 960 651 1006 erat,
663 948 770 1012 sapientia
781 962 826 991 ro-

160 1029 253 1068 mretur.
271 1019 335 1067 Dum
346 1021 435 1082 vigebst
443 1027 507 1075 aetas,
516 1019 606 1066 militari
617 1015 682 1064 laude
692 1013 750 1074 apud
762 1009 826 1056 Ger-

161 1087 246 1132 manias
256 1084 338 1132 floruit¹
372 1084 523 1132 Pro-consule
531 1083 631 1130 Africam
642 1076 825 1134 moderate3jam

161 1151 242 1204 senior,
260 1151 383 1197 citeriorem
398 1148 532 1211 Hispaniam
542 1149 590 1208 pari
597 1142 685 1210 justitii
694 1139 822 1188 continuit:

162 1216 233 1277 major
248 1215 333 1276 privato
352 1214 420 1268 visus,
437 1215 491 1260 dum
508 1214 608 1274 privatus
621 1209 673 1266 fuit,
688 1215 712 1254 et
722 1204 825 1252 omnium

163 1294 274 1328 consensu
285 1293 356 1340 capax
366 1279 458 1339 imperii,
475 1278 518 1324 nisi
529 1274 666 1337 imperasset

195 1343 223 1390 L.
244 1342 364 1404 Trepidam
383 1342 476 1396 Urbem,
497 1357 524 1390 ac
547 1340 614 1387 simul
629 1337 768 1385 atrocitatem
788 1347 826 1378 re·

162 1409 233 1455 centis
248 1407 343 1462 sceleris,
360 1407 426 1453 simul
437 1415 525 1453 veteres
539 1404 636 1454 Othonis
652 1415 726 1449 mores
738 1412 823 1461 paven-

161 1481 213 1527 tem,
222 1487 294 1519 nouus
305 1472 394 1533 insuper
404 1472 432 1517 de
442 1470 537 1519 Vitellio
547 1470 639 1517 nuntius
646 1465 761 1519 exterruit,
769 1470 823 1509 ante

162 1538 246 1583 caedem
256 1535 336 1582 Gaius
347 1552 484 1599 suppressus,
495 1544 527 1590 ut,
538 1542 624 1582 tantum
636 1529 754 1593 superioris
763 1527 825 1573 Ger·

162 1602 244 1650 mauiae
260 1602 381 1647 exercitum
393 1601 514 1647 dorcium
523 1600 656 1647 crederetur.
689 1592 750 1640 Tum
761 1592 826 1646 dnos,

165 1667 265 1713 omniurn
274 1666 400 1713 mortalium
412 1663 554 1726 impudicitid,
570 1660 668 1724 ignavia,
684 1655 774 1705 luxurie
784 1656 825 1702 de·

163 1732 273 1786 terrimos,
298 1729 361 1777 velut
384 1731 412 1776 ad
433 1730 569 1792 perdendum
590 1726 707 1787 imperium
728 1720 826 1768 fataliter

165 1795 255 1850 electos,
272 1809 317 1840 non
329 1801 419 1841 senatus
429 1795 498 1841 modo
508 1801 532 1841 et
541 1807 617 1853 eques,
633 1790 682 1851 quis
690 1788 764 1847 aliqua
773 1800 828 1845 pars

165 1866 188 1905 et
196 1874 250 1905 cura
260 1859 392 1920 rdpuhlicae,
398 1859 440 1905 sed
448 1860 531 1921 vulgus
541 1870 630 1918 quoque
639 1854 712 1916 pulum
723 1864 826 1897 moerere·

164 1922 216 1970 Nec
227 1924 275 1986 jam
289 1924 387 1971 recentia
405 1938 474 1971 saevae
486 1924 548 1984 pacis
557 1920 665 1981 exemplu,
682 1918 722 1964 sed
731 1914 827 1990 repetita

163 1988 271 2035 bellorum
280 1987 378 2035 civilium
389 1988 510 2035 memoria:
529 1993 615 2048 captam
627 1983 693 2030 toties
704 1995 750 2027 suis
760 1993 826 2025 exer·
910 1995 911 2040 ς

164 2054 244 2099 citibus
256 2052 349 2109 Urbem,
366 2055 493 2100 vmtitatcm
505 2049 583 2106 Italiae,
591 2048 726 2109 direptiones
735 2044 828 2106 provin·
910 2049 911 2100 ξ

165 2118 256 2173 ciarum,
274 2116 417 2173 Pharsaliam,
435 2117 557 2179 Philippos,
569 2122 593 2161 et
603 2112 718 2160 Perusiam
733 2124 760 2155 ac
770 2106 827 2154 Mu·

166 2182 243 2237 tinam,
260 2191 314 2229 nota
329 2182 465 2243 publicorum
481 2182 577 2227 cladium
594 2178 691 2231 nomina,
707 2172 829 2233 loqueban-

166 2255 211 2293 tur.
235 2246 310 2307 Prope
320 2260 423 2292 eversum
434 2246 517 2300 orbem,
528 2246 595 2291 etiam
606 2258 658 2290 cum
666 2242 694 2287 de
704 2238 829 2301 principatu

165 2310 225 2357 inter
236 2311 306 2357 houos
317 2316 451 2356 certaretur:
471 2310 511 2357 sed
521 2310 630 2357 mansisse
641 2305 670 2354 C·
678 2304 749 2359 Julio,
765 2316 829 2347 mon·

165 2376 222 2421 sisse
234 2372 325 2421 Caesare
337 2374 442 2434 Augusto
453 2375 544 2427 victore,
555 2372 687 2434 imperium
703 2380 830 2413 mansuram
910 2379 911 2382 ¹

166 2437 242 2490 fuisse,
260 2438 301 2482 sub
313 2436 420 2499 Pompeio
432 2437 556 2497 Brutoque,
567 2434 732 2496 rempublicam.
760 2428 831 2476 Nunc

166 2516 207 2561 pro
219 2499 317 2556 Othone,
326 2516 354 2547 an
365 2514 405 2563 pro
413 2501 513 2555 Vitellio,
525 2502 548 2545 in
557 2501 640 2560 templu
646 2495 734 2543 ituros?
748 2493 830 2540 Utras-
910 2521 911 2526 ,

166 2578 210 2623 que
228 2564 307 2626 impias
325 2580 409 2626 preces,
432 2572 526 2625 utraque
546 2562 677 2610 detestanda
697 2566 757 2613 vota,
774 2559 832 2603 inter

167 2626 231 2685 duos,
248 2644 345 2690 quorum
356 2630 414 2677 hello
425 2630 497 2677 solum
508 2630 532 2677 id
541 2628 616 2683 scires,
633 2624 765 2673 deteriorem
776 2620 832 2677 lore,
