1834 2900
160 130 214 175 114.
224 122 470 177 HISTORIARUM
480 122 534 172 Lm
541 122 590 173 III.
599 122 704 174 cinno.
712 130 742 175 U.
750 128 829 171 casos.

163 257 234 319 ginm,
251 262 314 304 tauto
331 256 441 305 minorem
460 256 489 303 rd
506 257 654 303 resistendum
665 258 772 312 animum,
788 258 833 304 da-·

164 324 226 369 bant.
254 356 255 363 ,

197 384 270 432 XIX.
287 385 338 433 Nec
350 385 465 433 Antonius
475 387 533 433 ultro
542 387 630 441 institit,
647 402 734 435 mmnor
748 385 828 434 laboris

166 466 192 498 so
198 451 326 506 uulnerum,
335 453 413 512 quibus
422 459 468 497 tarn
476 467 558 513 anceps
565 452 638 513 proelii
645 451 742 507 fortuna,
751 467 827 513 quom·

166 516 203 562 vis
213 530 321 578 prospero
331 516 382 570 fine,
394 517 480 577 equites
490 531 604 577 equosque
614 516 765 563 afflictaverat.
790 514 834 562 In·.

167 582 285 629 umbrante
292 578 391 643 vesperi,
400 582 529 627 universum
537 581 638 628 Flaviani
644 581 757 628 exercitus
768 582 831 630 robur

167 647 266 693 advenit.
306 646 384 707 thue
405 647 508 693 cumulos
527 661 593 707 super
610 654 634 691 et
654 647 754 693 recentia
771 647 831 692 oaede

167 712 265 773 vestigia
283 709 401 765 incessdre,
424 712 487 771 quasi
506 710 639 757 debellatum
657 710 723 765 soret,
738 726 831 773 pergere

169 774 314 829 Cremonam,
330 776 433 822 strictos
443 776 467 821 in
479 775 614 821 deditionem
624 774 731 837 accipere,
741 782 782 822 cut
792 791 831 822 ex·

200 856 278 904 gnare,
295 840 425 901 deposcunt
457 838 518 885 Haec
528 840 551 885 in
563 840 644 893 medio,
660 840 755 902 pulchra
765 841 832 887 dictur.

168 856 215 952 lli
225 906 265 951 sibi
276 904 376 964 quisque,
394 904 466 951 Posse
474 904 584 950 coloniam
594 904 661 966 plano
672 906 738 951 ritem
749 906 833 967 impetu

170 971 232 1031 cnpiz
252 968 311 1014 idem
328 969 426 1015 nudsoiae
441 984 483 1029 per
499 970 601 1015 tenebras
614 969 793 1031 irrumpentibus,
810 978 834 1017 et

108 1058 111 1063 ·
169 1036 278 1097 mojorem
290 1034 387 1093 rapiendi
395 1034 521 1080 licentiam:
541 1034 833 1095 quodsilucemopperino-

169 1106 219 1151 tur,
226 1099 275 1159 jum
286 1112 370 1159 pacem,
383 1099 430 1160 jum
439 1114 523 1160 preces,
534 1106 566 1155 et,
582 1114 623 1160 pro
632 1099 708 1146 labore
718 1114 745 1145 rc
755 1100 835 1148 vulne·

170 1163 238 1216 ribus,
252 1162 396 1208 clementiam
415 1170 439 1209 et
456 1164 558 1225 gloriam,
575 1164 655 1219 inania,
671 1163 771 1210 laturos:
797 1165 835 1212 sed

172 1242 226 1287 opes
236 1225 421 1275 Cremonensium
433 1228 456 1273 in
468 1228 517 1274 sinu
529 1228 684 1289 praefectorum
694 1228 834 1290 legatorum·

172 1308 217 1353 que
239 1292 295 1339 sore.
329 1291 475 1354 Expugnatae
491 1293 551 1339 urbis
568 1294 666 1355 praedam
685 1294 714 1339 ad
732 1294 834 1358 militem,

172 1358 254 1405 deditse
265 1358 374 1411 adduces,
391 1358 510 1418 pertinere.
544 1358 683 1420 spernuntur
693 1360 836 1406 centuriones

149 1478 154 1490 ,
171 1423 313 1483 tribunique;
330 1438 363 1477 no,
381 1434 463 1470 nevnx
473 1423 603 1485 cujusquam
614 1423 722 1479 audiatur,
733 1424 838 1485 quatiunt

172 1503 240 1541 arnna,
258 1487 343 1548 rupturi
354 1489 478 1549 imperium,
495 1489 645 1551 nidumntur.

207 1551 265 1599 XX.
282 1551 342 1599 Tum
360 1553 481 1607 Antonius,
497 1553 598 1600 inserens
615 1569 641 1600 se
658 1554 785 1616 manipulis,
801 1556 839 1601 ubi

175 1617 281 1680 adspectu
293 1625 315 1664 et
326 1619 457 1665 auctoritate
469 1618 581 1664 silentium
592 1617 689 1675 fecerat3
706 1634 753 1665 non
764 1635 790 1666 se
798 1621 838 1666 de·

174 1698 215 1730 cus
230 1698 304 1745 neque
319 1683 414 1747 pretium
430 1684 515 1744 eripere
531 1690 577 1730 tam
592 1685 649 1730 bene
667 1684 759 1737 meritis,
776 1685 837 1731 nffir·

175 1748 265 1804 mabat3
283 1747 322 1794 sed
339 1747 410 1794 di'viss
420 1747 478 1794 inter
488 1748 611 1795 exereitum
621 1749 734 1808 ducesque
744 1750 836 1796 munia:

174 1812 282 1858 militibus
292 1812 418 1872 cupidinem
429 1813 544 1874 pugnandi
554 1815 690 1870 conrenire3
705 1814 774 1860 duces
784 1831 839 1876 pro-

172 1875 277 1928 videndo,
294 1876 448 1931 consultando,
465 1879 606 1924 cunctatione
620 1879 708 1939 saepius,
724 1894 793 1940 quam
804 1887 840 1926 te·

175 1941 284 1994 meritnte,
301 1941 413 2003 prodesse.
446 1941 487 1998 Ut,
495 1957 536 2004 pro
546 1943 605 1989 virili
615 1945 723 2004 portione,
732 1944 802 1990 armis
813 1959 840 1990 rc

174 2021 244 2053 manu
254 2007 370 2053 victoriam
383 2008 476 2069 juverit,
494 2007 579 2054 ratione
593 2015 617 2054 et
626 2008 726 2063 consilio,
743 2009 840 2070 propriis

175 2071 238 2118 ducis
258 2073 349 2129 ortibus,
365 2071 513 2134 profuturum.
551 2071 633 2133 Neque
650 2073 711 2118 euim
732 2074 841 2135 ambigue

175 2151 232 2192 esse,
250 2153 300 2198 quae
311 2147 442 2184 occurrant:
461 2144 551 2183 noctem
562 2144 586 2183 et
595 2139 681 2199 ignotae
692 2139 759 2184 situm
772 2139 841 2192 urbis,

173 2201 236 2248 intus
252 2202 337 2258 hostes,
353 2209 376 2248 et
386 2210 467 2249 cuneta
481 2201 568 2248 insidiis
577 2210 708 2264 opportuna.
741 2202 806 2257 Non,
824 2203 844 2250 si

173 2273 266 2328 pateant
284 2275 361 2326 portae,
382 2266 423 2312 nisi
442 2268 564 2329 explorato,
584 2268 627 2314 nisi
645 2266 687 2321 die,
703 2268 843 2315 intrandum.

176 2329 217 2377 An
235 2331 423 2391 oppugnationem
440 2332 589 2386 inchoaturos,
606 2333 696 2380 ademto
713 2333 777 2378 omni
787 2348 845 2394 pro·
904 2380 905 2383 ,

176 2402 262 2456 spectu,
280 2396 329 2454 quis
341 2411 418 2456 aequus
428 2396 498 2452 loeus,
515 2404 597 2458 quanta
607 2397 702 2444 altitudo
712 2396 844 2444 moeniumi

176 2460 325 2507 tormentisne
335 2471 357 2507 et
369 2461 425 2512 telis,
441 2477 470 2507 nn
486 2463 589 2524 operibus
604 2469 628 2509 et
644 2464 723 2517 vineis,
735 2463 845 2526 aggredi·

176 2524 235 2570 ends
253 2525 304 2572 urbs
317 2524 393 2572 foret?
416 2525 479 2573 Mox
488 2542 611 2574 conversus
621 2529 650 2574 cd
659 2528 771 2590 singulos,
789 2543 847 2576 num

175 2603 272 2646 secures,
283 2591 433 2653 dolabrasque,
450 2599 474 2639 et
484 2599 567 2640 creterra
576 2595 733 2656 expugnandis
743 2595 847 2650 urbibus,
