1834 2900
105 103 204 150 noro.
234 101 481 152 HISTORIARUM
491 101 689 156 Lmlcnoo
738 107 770 150 ss

106 231 219 294 peratorii
233 233 349 288 brevitate,
360 235 458 296 adoptari
473 249 487 282 a
500 250 526 281 se
537 233 650 288 Pisonem,
660 248 724 281 more
734 231 768 280 D.

109 298 217 359 Augusti,
229 306 254 344 et
269 299 372 360 exemplo
382 299 479 353 militari.
490 315 535 359 qno
544 301 580 346 vir
589 300 662 346 virum
675 299 770 360 legeret,

107 363 246 424 pronuntiat.
281 363 323 418 Ao,
335 379 364 410 ne
374 363 513 410 dissimulata
519 365 598 411 seditio
605 365 628 410 in
636 365 708 424 majus
718 377 768 409 ore·

108 427 207 480 deretur,
219 427 277 474 ultro
288 435 406 482 asseverat,
417 436 520 488 quartam
534 436 557 474 et
568 428 769 475 duodevicesimam

108 491 220 552 legiones,
228 493 302 553 paucis
310 493 425 540 seditionis
435 493 569 546 auctoribus.
578 509 624 540 non
634 493 693 539 ultra
703 492 772 538 verbs

110 571 137 604 ac
146 555 314 612 vooeserrrisse,
326 564 349 604 et
358 559 420 606 brevi
431 558 454 603 in
466 557 541 604 officio
551 556 606 602 fore.
636 556 688 604 Nec
698 556 769 602 ullum

110 621 255 677 orationigaut
269 621 403 668 lenocinium
418 623 479 668 addit
489 629 528 668 aut
542 622 644 682 pretium.
675 619 771 666 Tribuni

108 691 185 736 tamen
198 688 384 748 centurionesque
398 693 421 732 et
434 687 531 748 proximi
545 685 641 731 militum
655 691 720 745 grata
729 698 770 731 au·

108 751 158 799 ditu
168 751 316 812 respondent:
335 767 375 813 per
391 757 485 798 oaeteroa
495 751 604 797 moestitis
612 765 639 796 ac
650 748 771 803 silentium,

107 823 223 876 tamquam
234 824 363 876 usurpatam
378 815 445 862 etiam
460 817 483 862 in
493 831 548 878 paoe
561 813 661 862 denefin
671 812 772 860 necmi-

107 887 177 926 tatem
191 879 251 926 bello
265 881 419 942 perdidissent.
452 879 555 934 Constat,
566 881 666 941 potuisse
677 877 769 925 concili·

105 944 140 992 ari
156 945 244 991 animos
258 942 461 1005 quantulicumque
474 946 535 1005 pmoi
548 945 608 991 senis
622 943 768 992 liberalitate:

107 1009 305 1070 noemtnntiquua
323 1010 385 1072 rigor
403 1017 427 1056 et
444 1009 513 1056 nimia
531 1009 639 1057 severitas
644 1025 654 1067 ;
670 1009 706 1054 eui
720 1008 771 1071 jam

106 1089 172 1137 peres
183 1089 229 1120 uon
238 1089 325 1121 sumus.
656 1110 659 1115 ,

141 1135 214 1185 XIX.
231 1136 289 1185 Inde
307 1139 366 1201 apud
383 1145 485 1186 senatum
504 1155 551 1187 nou
569 1140 664 1187 oomtior
680 1138 768 1192 Galba.

108 1218 155 1250 non
166 1202 262 1266 longior,
271 1218 337 1264 quam
349 1205 408 1264 apud
418 1205 511 1251 militem
523 1220 610 1252 sermoz
629 1201 720 1251 Pisonis
730 1219 770 1249 co·

107 1269 242 1315 miseratio.
273 1267 307 1314 Et
321 1276 408 1330 patrum
424 1268 488 1316 lavor
503 1269 594 1327 aderat;
610 1268 675 1315 multi
689 1268 771 1315 volun-

107 1340 155 1380 tate
164 1331 257 1380 edusius
263 1349 271 1388 ;
289 1333 327 1393 qui
335 1333 458 1388 noluerant,
466 1334 554 1390 modie3
569 1348 597 1380 ac
606 1333 696 1396 plurimi
702 1330 771 1378 maio

108 1398 222 1459 obsequio,
234 1397 332 1461 privatas
347 1413 398 1461 spes
412 1399 530 1461 agitantes,
544 1399 593 1446 sine
608 1395 696 1460 publicai
709 1393 770 1443 curi.

108 1462 160 1523 Nau
178 1462 240 1509 aliud
257 1465 359 1524 sequenti
376 1464 493 1525 quatriduo
510 1464 582 1527 (quod
597 1463 694 1511 meditem
711 1462 771 1508 inter

107 1528 251 1590 adoptionem
262 1535 286 1575 et
297 1528 381 1575 caedem
395 1526 546 1589 folquinum
560 1543 574 1575 a
585 1527 669 1575 Pisone
685 1528 710 1573 in
728 1540 771 1588 pu·

106 1592 166 1643 blico
176 1591 297 1639 factumve.
323 1590 476 1652 Crebrioribus
486 1594 510 1639 in
518 1593 566 1639 dies
576 1592 722 1639 Germanicae
731 1590 772 1637 ds·

106 1656 214 1705 sectionis
225 1658 316 1713 nuntiis,
327 1664 350 1705 et
359 1656 419 1705 lucili
434 1658 525 1705 civitate
540 1658 568 1704 ad
583 1657 713 1718 accipienda
722 1669 772 1701 cre·

108 1722 226 1784 dendaque
241 1723 317 1769 omnia
330 1737 396 1777 nova,
411 1736 463 1769 eum
480 1722 553 1769 tristis
565 1727 627 1782 sunt,
638 1726 772 1767 oenauemnt

107 1795 189 1851 patres,
197 1787 320 1835 mittendos
331 1787 359 1834 ad
366 1787 528 1836 Germanicum
536 1786 659 1835 exerdtum
667 1786 755 1849 legatos
762 1801 770 1832 s

107 1853 219 1915 agitatum
230 1860 324 1908 secreto,
336 1866 390 1899 num
402 1859 425 1899 et
434 1850 489 1899 Piso
495 1850 680 1915 proficiscemur,
686 1851 772 1913 majore

108 1924 222 1979 praetextu
228 1932 236 1974 ;
253 1917 285 1963 illi
296 1917 450 1965 auctoritatem
463 1917 561 1970 senatus,
571 1917 607 1963 hic
618 1916 772 1979 dignationem

110 1978 210 2033 Caesaris
217 1981 311 2029 laturus,
332 1980 438 2029 Placebat
446 1990 470 2030 et
476 1980 598 2036 Iasonem
606 1980 706 2042 pmtorii
712 1994 772 2042 pras·

107 2045 200 2103 fectum
212 2046 281 2094 simul
291 2047 364 2094 mitti:
382 2048 402 2094 is
417 2046 511 2094 consilio
525 2046 659 2092 intercessit.
690 2042 773 2106 Iogsti

107 2106 772 2231 rotumum

105 2241 155 2293 nitu
166 2240 296 2289 remanendi
306 2248 345 2291 aut
356 2240 429 2305 eundi.
438 2249 582 2302 utquomque
593 2247 667 2288 metus
677 2239 715 2287 vel
722 2253 773 2303 spes

104 2306 138 2359 lm
154 2307 234 2355 meran
260 2346 263 2353 ,

113 2389 115 2399 ¹
139 2323 200 2417 lix
216 2360 325 2419 Proxima
338 2373 441 2434 pecuniae
455 2388 521 2419 curat
541 2377 565 2417 et
578 2377 660 2417 sunem
669 2376 771 2417 aeruna·

104 2438 165 2489 tibus
170 2436 323 2499 justissimum
334 2438 407 2485 muru
416 2444 459 2495 est,
467 2436 521 2483 iude
531 2436 608 2497 repeti,
619 2434 679 2481 unde
689 2433 772 2495 inopia

104 2517 173 2553 musa
183 2510 239 2549 erat.
271 2500 314 2549 Bis
325 2509 349 2549 et
359 2502 428 2549 vicies
439 2502 522 2547 millies
532 2498 658 2545 sestertium
669 2495 773 2542 donatio-

104 2566 178 2617 nibus.
183 2564 248 2615 Nero
258 2564 374 2615 effuderat.
406 2563 523 2627 Appellsri
539 2560 641 2623 singulos
646 2559 722 2620 jmait,
733 2556 773 2601 da·

106 2628 239 2745 q'tqlogarut:
247 2630 386 2711 liberalitatis
401 2630 462 2693 apud
472 2640 584 2731 quamquq
600 2635 679 2671 eorum
688 2614 784 2667 relictis
