1834 2900
156 111 185 154 12
234 103 482 154 HISTORIARUM
493 102 685 153 raucam
702 105 818 146 ηοω.

156 234 317 282 aestimantibus
333 234 418 288 adsciti,
434 249 487 280 cum
502 232 592 289 invidit,
606 232 708 295 quamvis
722 232 818 294 egregii.

155 299 244 346 erimus.
277 299 316 346 Ne
328 307 403 346 tamen
419 300 510 346 territur
525 299 631 355 fueriaai
647 299 698 344 duae
713 297 817 359 legiones

155 363 179 410 in
190 365 232 410 hoc
244 364 419 421 coucussiorbis
433 371 496 410 motu
510 363 610 410 nondum
620 364 744 423 quiescunt.
778 360 818 407 Ne

155 427 203 488 ipse
213 429 301 488 quiden
312 428 341 476 ad
354 444 444 475 securas
454 443 491 474 rer
505 428 601 475 accessi:
620 437 650 482 et,
661 426 738 474 auditd
746 426 817 487 adop·

154 493 222 546 tione,
234 493 333 540 desinam
343 494 412 541 videri
430 507 515 550 senen
531 493 591 554 quod
606 507 665 538 nunc
680 491 736 539 mihi
746 505 817 537 unum

154 557 263 617 objicitur.
295 557 359 605 Nero
370 573 383 605 a
396 559 494 620 pessimo
504 572 593 618 quoque
607 572 696 619 semper
704 556 818 602 desidera·

154 621 226 668 bitur:
246 623 300 670 mihi
312 638 337 670 ac
348 623 387 669 tibi
394 621 556 684 providendum
567 628 608 677 eat,
616 621 720 668 ucetiam
728 635 742 667 a
751 619 819 666 bonis

155 685 298 734 desideretur.
330 683 427 734 Monere
437 687 526 741 diutius,
538 701 611 747 neque
621 687 727 747 temporis
734 685 817 746 huju„

155 757 179 797 et
192 752 307 814 impletum
324 758 359 798 est
376 766 443 798 omne
458 751 583 805 eonsilium,
600 751 660 797 site
677 751 736 797 bene
751 749 819 811 elegi.

156 814 339 874 Utilissimusque
349 816 409 862 idem
423 829 450 862 rc
464 815 608 862 brevissimus
623 815 730 861 bonarum
747 813 820 860 mala·

156 895 249 940 rumque
260 894 333 926 rerum
345 880 443 926 delectus
457 885 499 934 ert,
516 880 623 940 cogitare,
633 878 686 940 quid
701 885 741 925 aut
751 878 818 924 volu·

155 943 199 996 eris
210 945 251 991 sub
262 943 305 990 alio
313 945 418 1006 principe,
426 950 466 990 aut
476 943 582 990 nolueris.
609 943 691 1004 Neque
701 943 762 990 carim
773 939 819 997 hie.

157 1015 182 1054 ut
192 1008 216 1054 in
230 1009 317 1055 caeteris
327 1009 431 1070 gentibus
441 1023 493 1071 qnae
503 1015 633 1070 regnantur,
643 1022 705 1054 certa
714 1007 818 1054 domino·

156 1088 206 1122 rum
218 1073 305 1130 domus,
317 1081 340 1119 et
351 1073 427 1122 caeteri
439 1072 512 1120 servi:
531 1073 571 1119 sed
581 1073 729 1136 imperaturus
740 1087 765 1118 er
775 1072 818 1120 lro·

156 1138 260 1194 minibus,
276 1139 314 1198 qui
326 1152 367 1186 uec
379 1145 449 1188 totarn
465 1137 596 1184 servitutem
606 1138 653 1200 pati
662 1144 764 1199 possunt,
775 1151 819 1183 neo
908 1192 909 1195 Ἴ

156 1208 227 1262 totam
243 1201 390 1251 libertatem·‘’
423 1201 456 1250 Et
468 1202 541 1250 Galba
551 1202 640 1263 quidem
654 1203 704 1249 lraec
717 1217 743 1248 ao
757 1202 819 1256 talia,

156 1273 270 1327 tamquam
286 1267 408 1330 principem
422 1265 522 1325 laceret3
539 1267 615 1315 ceteri
633 1274 747 1328 tamquam
765 1280 819 1312 curu
909 1338 910 1341 Ἴ

102 1353 104 1356 ·
156 1329 216 1378 lacto
226 1331 379 1392 loquebantur.

190 1394 276 1444 XVII.
289 1395 728 1455 Pisonemteruntrurimtntuentibus,
736 1403 821 1444 etmox

157 1463 302 1573 commistim
319 1478 377 1539 eum·
385 1464 487 1573 orantium
502 1462 769 1575 ocrphdpdipp‘aellumffl
780 1468 822 1509 aut

157 1541 213 1575 exau
280 1542 291 1573 s
310 1541 378 1575 ammi
399 1544 437 1575 mo
448 1543 486 1574 um

115 1587 121 1598 “
156 1599 242 1652 patrem
259 1592 458 1654 imperatoremque
474 1542 625 1646 miscuere
638 1606 663 1639 se
674 1540 823 1651 Mart

157 1656 213 1703 nihil
230 1657 254 1702 in
270 1656 335 1704 vultu
351 1658 470 1718 habituque
487 1663 613 1714 mutatum
628 1657 692 1717 quari
710 1656 822 1718 imperare

187 1728 234 1769 sset
248 1722 328 1785 magis,
344 1738 411 1784 quam
426 1722 503 1768 vellet.
535 1720 693 1770 Consultatum
707 1720 766 1777 inde
777 1735 820 1783 pro

156 1736 254 1846 Εεῐτίι,
266 1801 295 1833 au
305 1788 329 1835 iu
340 1793 425 1843 senatu,
438 1802 467 1833 an
477 1788 501 1834 in
513 1786 592 1833 castris
602 1786 691 1847 adoptio
702 1800 819 1847 nuncupa·

156 1857 225 1896 retur.
257 1848 290 1897 Iri
304 1850 329 1898 in
343 1859 421 1907 eastra,
432 1851 527 1914 placuit:
547 1850 693 1899 honorificum
704 1851 727 1897 id
741 1850 820 1897 militi·

155 1914 197 1961 bus
212 1915 267 1971 fore,
284 1931 379 1977 quorum
394 1915 501 1972 favorem,
518 1923 544 1963 ut
558 1916 678 1977 largitione
695 1922 720 1962 et
734 1916 821 1964 ambitu

156 1979 215 2028 male
225 1980 315 2041 acquiri,
326 1982 358 2031 ita
373 1996 413 2044 per
428 1982 498 2031 bonta
514 1988 573 2028 artes
588 1981 648 2027 haud
662 1979 822 2044 spernendum.

158 2040 344 2094 circumsteterat
354 2046 443 2093 interim
455 2045 568 2093 Palatium
578 2046 666 2106 publiea
675 2045 822 2107 asportato,

156 2112 234 2173 magni
249 2112 329 2157 secreti
344 2111 476 2173 impatiens:
496 2118 519 2157 et
534 2110 592 2159 male
606 2110 727 2159 coercitam
737 2108 822 2157 famam

157 2176 491 2297 'litttttffttttt'iu
500 2238 626 2295 suma
642 2239 729 2287 smum
745 2239 823 2286 nse

157 2305 199 2351 bus
211 2305 276 2360 diem,
288 2305 387 2353 tonitrua
397 2313 421 2353 et
429 2306 521 2367 fulgura
536 2313 560 2352 et
570 2306 673 2352 ooelcster
683 2306 752 2351 minoe
763 2304 824 2354 ultra

157 2368 249 2415 solitum
259 2371 409 2417 turbaverant.
441 2370 592 2417 Observatum
606 2370 628 2416 id
644 2369 767 2429 antiquitus
781 2384 823 2416 oo-

156 2432 225 2489 mitiis
239 2434 367 2483 dirimendis
383 2449 429 2481 non
444 2436 523 2481 terruit
534 2435 637 2487 Galbam.
648 2449 693 2494 quo
707 2434 782 2479 minua
799 2434 824 2481 in

155 2504 230 2544 castra
240 2507 349 2561 pergeret,
359 2506 521 2545 contemtorem
532 2499 617 2554 talium,
626 2505 652 2544 ut
661 2496 806 2551 fortuitorum
815 2514 824 2555 ς

156 2575 204 2614 seu,
215 2578 268 2622 quae
282 2562 329 2610 fato
346 2570 447 2619 monent,
458 2563 561 2623 quamvis
575 2560 706 2624 significata,
723 2576 770 2608 non
785 2562 823 2609 vi·

155 2630 238 2675 tantur.
270 2628 340 2690 Apud
355 2626 495 2689 frequentem
511 2627 608 2675 militurn
624 2627 764 2682 concionem.
778 2626 822 2689 im·
