1834 2900
72 110 128 155 Μ-
136 113 172 157 to.
194 106 441 166 HISTORIARUM
453 107 547 157 Lan.
555 106 670 172 Camil(
688 164 691 171 ¹
711 99 746 158 '1³'
814 177 817 186 1

72 240 226 294 mucronibus,
237 239 310 292 redire
315 238 392 300 pulsos
400 245 423 285 et
430 253 530 300 pugnam
537 254 651 288 resumere
657 239 742 300 co‘egit.

73 303 195 366 Disposita
205 304 377 350 Vitellianarum
394 303 510 364 legionum
529 305 588 351 acies
606 306 655 362 sine
670 305 743 365 trepi-

72 369 182 416 datione:
202 369 292 423 etenim,
303 383 438 429 quamquam
452 369 527 427 uicino
538 371 609 423 hoste,
625 371 744 431 adspectus

73 449 193 484 annorum
205 433 278 479 densis
288 433 382 479 arbustis
393 433 561 493 prohibebatur:
575 435 634 495 apud
645 434 743 481 Othoni·

74 513 141 552 snos,
153 498 228 559 pavidi
239 498 312 550 duces,
323 498 388 543 miles
400 498 492 544 ducibus
503 497 610 557 infensus,
621 499 692 546 mixta
701 514 742 545 re·

75 563 154 623 hiculn
173 569 196 608 et
212 562 273 619 lixae,
290 569 319 616 et,
344 563 462 623 praeruptis
480 564 593 623 utrimque
615 563 688 618 fossis,
706 563 745 610 via

76 628 259 689 quietequoque
278 627 363 689 agmini
382 634 485 688 arrgusta.
518 626 691 676 circumsistere
706 628 744 674 alii

77 693 146 756 sIgna
157 708 203 748 sua,
216 707 316 753 quaerere
327 692 376 738 alii:
395 691 495 739 incertus
501 693 600 752 undique
610 692 695 739 clamor
705 707 744 738 ac·

74 758 224 812 currentium,
239 757 400 816 vocitentium3
419 763 452 814 et,
468 757 590 818 utcuique
605 758 698 817 audacia
707 756 745 802 vel

73 823 181 877 formido,
200 823 223 868 in
241 822 336 884 primam
351 821 600 885 postremamve-aciem
612 837 745 886 prorumpe·
769 871 773 876 ,

75 890 139 942 beru,
151 887 188 934 vel
200 887 368 934 revebebantur.
606 937 613 944 ,
739 896 742 901 “

109 950 196 1001 XLII.
220 951 335 1010 Attonitas
356 951 432 1009 ¹subito
450 959 536 999 terrore
554 960 640 1000 mentes
661 951 744 999 falsum

75 1019 187 1080 gaudium
199 1017 223 1062 in
234 1017 367 1078 languorem
375 1017 451 1074 vertit,
467 1018 565 1080 repertis,
576 1020 614 1079 qui
625 1018 747 1066 descivisse

74 1099 90 1130 a
101 1081 198 1136 Vitellio
209 1083 331 1128 exercitum
341 1082 509 1130 ementirentur.
543 1081 567 1129 Is
574 1099 656 1137 rumor,
664 1085 692 1130 ab
703 1098 745 1143 en·

75 1147 228 1210 ploratoribus
245 1145 331 1193 Vitellii
350 1147 468 1208 dispersus,
492 1163 520 1194 an
539 1148 563 1193 in
580 1148 629 1210 ipsai
647 1148 747 1195 Othonis

74 1219 150 1276 parte,
168 1227 207 1258 seu
219 1211 270 1258 dolo
281 1226 321 1258 seu
331 1210 390 1258 forte
409 1214 536 1266 surrexerit,
552 1229 631 1275 parurn
642 1229 746 1274 comper·

75 1285 136 1331 tum.
169 1276 261 1336 Omisso
272 1291 356 1338 pugnae
366 1277 451 1332 ardore,
469 1276 591 1324 Othoniani
607 1278 667 1324 ultro
685 1278 764 1324 salu-¹

76 1339 170 1397 taurim
182 1349 206 1387 et
217 1341 292 1388 hostili
304 1357 421 1405 murmure
428 1343 523 1404 excepti,
534 1342 645 1403 plerisque
654 1357 746 1388 suorum

74 1406 171 1471 ignaris,
186 1421 240 1467 quae
256 1421 324 1458 causa
335 1407 451 1463 salutandi,
468 1414 553 1454 metum
566 1408 698 1469 proditionis
712 1406 747 1453 fe·

76 1470 140 1521 obre.
163 1470 236 1517 'Turn
251 1472 350 1518 incubuit
366 1473 464 1519 bostium
476 1473 541 1534 acies,
557 1474 652 1535 integris
663 1473 748 1526 ordini,-

75 1538 128 1597 bus‚
142 1536 221 1589 robore
227 1542 249 1582 et
255 1552 349 1583 numero
355 1537 509 1598 praestantior:
524 1538 655 1593 Othoniani,
666 1553 746 1599 quarn·

75 1616 148 1663 quam
160 1601 259 1679 (impensi,
275 1603 399 1664 pauciores,
415 1601 475 1657 lessi,
486 1604 591 1663 proelium
602 1604 748 1666 tamenacri-

76 1674 114 1723 ter
131 1681 245 1715 sumsere:
264 1675 296 1721 et,
311 1682 351 1729 per
367 1667 430 1714 locos
447 1668 561 1727 arboribus
577 1682 603 1715 ac
620 1669 692 1723 uineis
702 1668 746 1713 im·

77 1732 175 1795 perlitos,
184 1746 230 1779 non
238 1747 283 1779 una
290 1747 374 1794 pugnae
382 1730 465 1779 iacies:
479 1734 605 1779 comminus
615 1734 747 1793 eminusque

78 1798 178 1843 catervis
189 1804 212 1856 et
223 1798 300 1843 cuneis
310 1798 484 1843 concurrebant:
504 1798 527 1847 in
537 1813 623 1859 aggere
639 1798 683 1844 viae
699 1797 748 1843 coi·

76 1863 126 1909 luto
141 1861 215 1923 gradu
232 1862 361 1922 corporibus
376 1870 400 1908 et
410 1862 543 1909 umbonibus
554 1864 601 1916 niti,
618 1863 702 1908 omisso
713 1862 749 1923 pi-

77 1926 155 1979 lorum
170 1926 240 1988 jactu,
261 1926 340 1987 gladiis
363 1934 385 1973 et
406 1928 520 1973 securibus
536 1928 612 1988 galeas
623 1928 749 1987 loricasque

77 2006 237 2053 perrumpere:
253 2000 372 2039 noscentes
382 1992 440 2039 inter
451 2008 483 2047 se,
494 1992 582 2038 certeris
593 1992 749 2055 conspicuiin

79 2063 191 2103 eventum
202 2056 271 2102 totius
281 2054 333 2102 belli
344 2058 465 2113 certabant.
746 2072 749 2079 ¹

113 2118 213 2185 XLIII.
231 2119 300 2167 Forte
310 2122 369 2184 inter
381 2121 469 2169 Padurn
476 2122 586 2182 viamque,
595 2122 681 2183 putenti
688 2137 749 2169 cam·

78 2201 116 2249 po,
127 2186 179 2231 duae
190 2184 291 2247 legiones
303 2202 431 2249 congressae
440 2194 508 2243 sunt:
520 2202 560 2249 pro
573 2186 663 2234 Vitellio
670 2196 750 2235 umet·

80 2250 196 2305 vieesima,
220 2252 256 2297 cui
273 2266 400 2312 cognomen
418 2252 512 2313 Rapaci,
528 2260 605 2299 vetere
623 2250 697 2315 glo'rii
715 2254 751 2300 in·

80 2316 155 2377 signis
161 2332 171 2372 3
188 2330 201 2360 e
218 2322 282 2377 parte
299 2316 403 2371 Othonis,
419 2317 492 2379 pn'rna
506 2317 619 2379 Adjutrix,
637 2332 683 2363 non
699 2326 753 2365 ante

80 2381 105 2427 in
123 2381 196 2426 aciem
213 2380 314 2435 deducta,
331 2383 371 2429 sed
387 2382 451 2429 ferox
469 2389 493 2427 et
509 2383 562 2440 novi
577 2383 665 2429 decoris
680 2384 753 2431 avide.

82 2444 194 2499 Primani,
206 2446 282 2493 stratis
293 2447 547 2501 unaetvicesimanorum
559 2448 678 2509 principiis,
690 2449 752 2507 aqui·

82 2509 129 2556 lam
148 2507 273 2557 abstulere:
290 2526 337 2571 quo
355 2511 431 2558 dolore
449 2511 614 2572 acceusaiegio
628 2519 652 2555 et
665 2512 754 2571 impulit

82 2588 163 2621 rursus
173 2575 423 2636 primanos,;interiecto
435 2576 546 2636 Orpbidio
555 2574 663 2635 Benigno
671 2574 755 2633 legato,

83 2646 109 2687 et
116 2638 215 2701 piurima
232 2642 298 2705 signa
315 2640 606 2703 vexillaquepex-bostibus
621 2636 700 2696 rapuit·
734 2634 769 2691 Α,

119 2718 174 2751 vor..
186 2718 223 2753 ιιι.
552 2715 571 2745 Η
739 2727 741 2732 >
