1834 2900
102 120 124 162 5·
132 118 157 161 0·
166 106 477 173 to.‘'H1sroa1A1tun
487 120 596 170 IaaIII.
605 121 711 172 (larse.
729 121 777 170 128

102 254 126 295 et
137 248 164 296 ab
175 250 277 298 exercitu
286 253 394 299 vinetum.
411 251 468 301 Plus
479 253 539 315 apud
545 253 661 300 socordem
669 253 770 301 animum

101 312 187 371 treuna,
199 332 266 377 quam
278 330 337 372 cura,
348 318 432 364 valuit:
446 318 518 364 multi
528 334 579 364 cum
588 320 737 366 exsultatione
744 320 770 365 in

103 376 192 426 Urbem
211 388 322 440 revectus,
338 381 448 444 frequenti
460 384 575 443 concione,
591 385 697 445 pietatem
709 384 769 430 mili-

102 450 153 490 tum
170 444 271 493 laudibus
289 448 395 494 cumulat.
420 446 454 494 ¹P.
465 448 579 503 Sabinum,
594 450 693 509 praetorii
709 464 769 511 prse-

101 507 197 566 lectum,
219 512 248 557 ob
266 513 384 559 amicitiam
404 510 511 567 Caecinae,
534 514 614 559 vinciri
628 514 699 575 jubet,
716 514 769 561 sub·

103 573 184 621 stituto
194 574 217 621 in
228 576 302 623 locum
314 578 362 641 ejus
374 576 480 640 Alpheno
489 576 562 624 Varo.

137 638 274 687 XXXVII.
290 640 351 688 Mox
361 650 471 698 senatum,
488 640 613 703 compositi
627 642 651 689 in
665 641 770 704 magnifi-

103 704 199 751 renuam
217 708 325 761 oratione,
343 706 458 762 allocutus,
476 708 593 768 exquisitis
608 715 698 768 patrum
715 706 770 753 adu·

101 767 221 817 latioribus
240 771 357 817 attollitur.
398 770 491 818 Initium
511 772 593 819 atrocis
610 772 635 817 in
655 769 770 818 Caecinam

102 837 222 881 sententiae
240 851 253 882 a
271 834 402 883 nvitelno
418 836 518 883 iactum:
538 838 589 883 dein
607 837 690 890 caeteri,
706 850 771 882 com·

101 898 176 961 positi
193 900 354 961 indignatione,
370 902 430 962 quod
448 902 526 949 consul
542 902 707 963 rempublicam,
723 900 771 947 dux

101 964 266 1027 imperatorem,
283 966 351 1013 tantis
363 967 446 1029 opibus,
458 974 494 1013 tot
504 967 625 1013 bonoribus
636 966 773 1023 cumulatus,

102 1029 200 1075 amicum
212 1030 350 1091 prodidisset,
367 1032 429 1079 velut
439 1048 481 1094 pro
491 1029 585 1078 Vitellio
600 1038 770 1093 conquerentes,

102 1100 171 1141 tuum
182 1092 280 1141 dolorem
291 1096 448 1158 proferebant:
473 1094 544 1143 Nulla
550 1098 575 1143 iu
582 1099 683 1144 oratione
694 1098 769 1161 cujus·

101 1166 172 1219 quam
183 1173 236 1221 erga
247 1159 366 1207 Flavianos
378 1162 445 1209 duces
451 1162 595 1209 obtrectatio:
615 1176 713 1208 errorem
723 1164 768 1207 im·

100 1222 286 1285 prudentiamque
297 1226 434 1273 exercituum
447 1227 569 1287 culpantes,
586 1226 718 1287 Vespasiani
727 1242 770 1273 no·

101 1298 156 1335 men
167 1290 267 1351 suspensi
279 1298 303 1337 et
313 1290 429 1337 vitabundi
439 1292 591 1338 circumibant
623 1290 675 1337 Nec
692 1290 769 1346 defuit,

100 1354 140 1415 qui
152 1368 221 1399 unum
230 1355 360 1402 consulatus
371 1357 429 1403 diem
442 1345 473 1420 (is
484 1357 544 1402 enim
553 1357 576 1402 in
585 1356 659 1403 locum
669 1353 770 1403 Oaecinae

100 1417 228 1482 supererat)
246 1435 330 1482 magno
349 1436 400 1468 cum
417 1422 484 1468 irrisu
500 1421 619 1468 tribuentis
629 1420 769 1484 accipientis·

100 1497 154 1543 que,
171 1484 326 1532 eblandiretur.
360 1485 436 1533 Pridie
455 1486 508 1532 Kal
525 1485 666 1534 Novembres
682 1485 769 1532 Rosius

101 1547 210 1610 Regulus
221 1549 276 1604 iniit,
292 1553 433 1612 eJuravitque.
468 1553 614 1601 tinnotabant
623 1551 697 1612 periti,
709 1565 768 1596 nun·

100 1611 169 1672 quam
189 1619 260 1668 antea,
278 1629 322 1662 nou
342 1618 450 1678 abrogato
469 1617 608 1676 magistratu,
626 1631 699 1675 neque
717 1615 769 1675 lege

98 1675 155 1732 latd,
173 1678 240 1724 alium
252 1677 382 1726 suffectum:
403 1688 454 1728 nam
466 1681 545 1727 consul
560 1696 606 1726 uno
624 1679 659 1726 dle
675 1686 699 1725 et
715 1687 768 1724 ante

99 1741 174 1790 suerat
192 1741 301 1791 Caninius
319 1745 419 1800 Rebilus,
438 1743 467 1794 C.
479 1744 570 1794 Caesare
584 1745 699 1798 dictatore,
716 1758 767 1790 cum

99 1807 154 1856 belli
165 1809 237 1855 civilis
247 1811 341 1872 praemia
351 1809 517 1858 festinarentur.

134 1869 285 1920 XXXVIII.
301 1874 365 1922 Nota
375 1891 415 1938 per
425 1891 465 1923 eos
481 1877 527 1922 dics
545 1875 609 1924 Junii
625 1875 696 1923 Blaesi
706 1887 769 1920 mors

100 1943 125 1984 et
142 1935 228 1984 famosa
244 1937 299 1986 fuit:
320 1941 348 1986 de
365 1939 409 2001 qui
426 1942 458 1987 sic
469 1941 602 2002 accepimus.
634 1941 706 1988 Gravi
717 1955 769 1986 cor·

98 2002 162 2065 poris
174 2003 250 2050 morbo
262 2016 325 2066 aeger
335 2003 448 2061 Vitellius,
462 2005 677 2059 Servilianislrortis,
688 2003 768 2050 turrim

98 2067 177 2114 ricino
188 2069 252 2114 sitam
264 2069 381 2124 collucere,
398 2085 438 2132 per
448 2077 545 2123 noctem,
557 2070 639 2116 crebris
648 2066 770 2114 lumindrus

99 2129 266 2180 animadvertit.
307 2133 433 2182 sciscitanti
453 2149 549 2189 causam,
573 2134 631 2196 apud
653 2130 769 2183 Caecinam

99 2195 204 2244 Tuscum
221 2198 305 2260 cpulari
323 2199 412 2253 multos,
429 2200 566 2261 praecipuum
577 2201 663 2245 honore
673 2196 768 2246 Junium

100 2260 211 2316 Blaesum,
223 2264 352 2311 nuntiatur:
372 2273 453 2311 caetera
464 2266 487 2310 iu
498 2264 578 2326 majus,
589 2265 617 2310 de
627 2271 733 2324 apparatu
745 2274 769 2307 et

102 2325 182 2374 solutis
199 2327 223 2373 ln
238 2328 353 2376 lasciviam
365 2329 459 2376 animis:
479 2315 629 2383 neb‘defudre,
646 2329 684 2388 qui
695 2327 771 2388 ipsum

101 2389 205 2440 Tuscum
215 2399 237 2438 et
249 2393 310 2448 alios,
320 2393 359 2440 sed
368 2394 508 2441 criminosius
516 2393 624 2447 Blaesum,
632 2393 768 2444 incusarent,

102 2455 170 2518 quod,
237 2473 251 2503 o
268 2455 375 2520 principe,
392 2458 458 2505 laetos
471 2459 518 2504 dles
529 2465 613 2520 ageret.
646 2456 693 2503 Ubi
704 2469 769 2516 aspe·

101 2527 177 2568 ratum
211 2521 313 2577 itellium,
330 2529 353 2570 et
363 2538 430 2586 posse
441 2523 542 2569 Blaesum
552 2521 656 2584 peruerti,
668 2520 722 2565 satis
730 2532 771 2577 pa·

101 2587 147 2632 tuit
162 2586 199 2644 iis,
216 2587 253 2650 qui
272 2587 396 2650 prIncipum
413 2585 510 2633 offensas
527 2588 608 2632 acriter
622 2583 772 2645 speculantur,

102 2651 165 2699 datae
187 2647 216 2699 Ia
233 2649 329 2700 Vitellio
350 2652 469 2700 delationis
489 2657 573 2714 partes.
611 2646 655 2694 Ille
671 2643 774 2691 inferlm
