1834 2900
77 97 102 136 J.
112 98 139 138 c.
149 102 184 146 to,
202 93 450 152 HISTORIARUM
462 94 542 146 Lus-1.
555 94 660 149 cambd,
720 100 752 144 85

76 222 280 288 alemannusque
302 227 393 288 ignavae
411 227 472 288 pacis
490 243 578 274 moras:
603 226 751 282 invadendam

80 285 183 346 Italiam,
192 293 342 352 occupandam
354 289 452 339 Urbem:
472 293 527 340 nibil
537 293 561 339 in
572 293 686 340 discordiis
697 293 753 339 civi·

81 353 145 404 libus
155 355 300 404 festinatione
312 357 387 412 tutius,
404 357 440 404 ubi
451 356 512 403 facto
522 359 603 419 magis,
618 373 684 421 qnam
697 373 752 405 con·

84 419 150 464 sulto
167 436 224 482 opus
241 427 306 468 esset.
338 419 453 482 Torpebat
468 421 580 478 Vitellius,
597 430 620 469 et
638 422 752 470 fortunam

83 483 227 546 principatds
234 486 299 531 inerti
310 485 365 532 luxu
373 501 398 532 ac
406 485 506 548 prodigis
517 488 587 547 epulis
598 487 753 548 praesumebat,

85 547 165 596 medio
180 550 223 596 diei
237 549 372 596 temulentus
383 558 405 597 et
416 547 495 612 saginai
504 552 596 612 gmvis3
613 567 663 597 cum
679 560 755 599 tamen

87 613 157 660 ardor
167 621 191 661 et
200 615 235 661 vis
243 614 338 662 militum
347 616 405 661 ultro
414 615 477 661 ducis
484 616 561 660 munia
571 615 682 676 implebat,
699 624 725 662 ut
736 616 755 662 si

82 677 179 726 adesset
188 679 315 742 imperator,
332 687 355 726 et
373 681 469 727 strenuis
485 681 522 726 vel
534 680 623 742 ignavis
633 695 696 741 spem
706 696 755 728 me

87 737 183 804 tumpue
200 744 297 792 adderet
331 741 439 790 Instincti
457 745 581 804 intentique
598 745 688 806 signum
702 761 755 806 pro·

85 805 194 859 sectionis
205 815 337 870 exposcunt.
360 807 453 855 Nomen
466 809 596 856 Germanici
607 807 701 856 Vitellio
709 816 756 855 sta·

86 872 132 918 tim
144 873 257 922 additum:
272 871 386 921 Caesarem
398 888 422 919 se
432 873 536 934 appellari
547 873 614 920 etiam
623 875 695 920 victor
702 889 756 936 pro·

88 935 170 984 hibuit.
183 943 188 960 '
202 937 293 984 Laetum
305 939 424 998 augurium
439 937 510 984 Fabio
521 937 619 992 Valenti,
636 939 756 988 exercitui-

90 1015 143 1062 que,
160 1003 266 1062 quentin
284 1003 366 1048 bellum
384 1003 469 1064 agebat,
486 1003 535 1063 ipso
551 1003 695 1064 profectionis
713 1004 756 1060 die,

90 1067 167 1126 aquila
176 1067 222 1113 leni
233 1073 315 1122 meatu,
332 1073 397 1128 prout
408 1082 490 1128 agmen
503 1068 621 1121 incederet,
638 1069 700 1134 uelut
711 1070 758 1116 dux

90 1132 144 1186 viae‚
161 1132 305 1194 praevolavit:
320 1131 459 1193 longumque
470 1148 510 1194 per
520 1135 615 1194 spatium
626 1134 757 1196 is-gauden-

92 1197 150 1246 tium
163 1197 258 1244 militum
269 1196 360 1250 clamor,
377 1212 404 1242 ea
414 1198 478 1258 quies
486 1198 594 1245 interritae
601 1197 660 1244 alitis
669 1199 718 1252 suit,
731 1205 757 1244 nt

91 1261 154 1308 haud
168 1261 258 1308 dubium
276 1275 366 1322 magnae
383 1268 406 1308 et
418 1277 531 1324 prosperae
542 1265 573 1310 rei
588 1278 654 1310 omen
669 1263 757 1324 accipe-

91 1333 162 1374 retur.
534 1330 539 1335 “

127 1387 225 1438 LXIII.
247 1389 281 1436 Et
299 1389 412 1438 Treveros
428 1391 524 1451 quidem,
544 1399 569 1437 ut
588 1393 667 1446 socios,
685 1393 758 1438 securi

93 1454 176 1505 adiere.
201 1454 314 1501 Divoduri
324 1455 559 1518 (Mediomatricorum
569 1458 592 1503 id
599 1459 704 1520 oppidum
711 1456 757 1521 est)

94 1534 230 1583 quamquam
237 1522 299 1567 omni
310 1522 415 1567 comitate
425 1530 532 1583 exceptos
543 1523 628 1570 subitus
638 1540 708 1585 pavor
716 1540 757 1574 ex·

95 1586 183 1637 terruit,
199 1585 266 1646 raptis
283 1592 375 1646 repente
392 1587 459 1632 armis
477 1587 506 1632 ad
521 1586 605 1633 caedem
616 1589 716 1645 innosiae
727 1590 760 1635 ci-

94 1651 185 1703 vitatis:
205 1665 251 1697 non
269 1650 298 1699 ob
310 1650 408 1711 praedam
423 1658 462 1697 aut
474 1651 582 1712 spoliandi
593 1652 702 1714 cupidine,
720 1650 759 1699 sed

95 1715 173 1763 furore
181 1720 204 1761 ct
215 1714 274 1761 rabie
284 1721 307 1763 et
323 1714 395 1761 causis
406 1716 503 1774 incertis,
520 1731 592 1776 eoque
602 1716 760 1765 difficilioribus

95 1778 216 1835 renuntia
233 1780 311 1836 donec,
320 1780 422 1841 precibus
433 1781 496 1827 ducis
505 1781 609 1842 mitigati,
626 1782 654 1828 ab
661 1782 760 1839 exscidip

95 1844 194 1895 civitatis
204 1842 369 1905 temperavere:
390 1860 449 1905 caasa
458 1853 534 1893 tamea
548 1847 577 1893 ad
586 1854 682 1906 quatuor
692 1846 763 1894 millis

95 1910 221 1959 boninum.
254 1907 323 1970 Isque
335 1916 407 1957 terror
422 1910 509 1959 Gallias
519 1912 607 1968 invasit,
624 1919 650 1959 ut
661 1912 761 1961 venienti

96 1988 152 2025 mox
167 1973 252 2036 agmini
264 1975 376 2027 universae
385 1976 487 2025 civitates
497 1991 549 2022 cum
559 1977 728 2039 magistratibus
738 1982 763 2024 ct

95 2038 200 2103 precibus
210 2030 358 2095 bccurrcrent,
376 2042 450 2088 stratis
467 2056 507 2102 per
517 2041 566 2088 vias
575 2042 650 2103 pueris
660 2040 761 2102 sentinis?

96 2120 156 2167 que;
167 2119 263 2165 quaeque
271 2104 314 2153 alia
321 2104 461 2166 placamenta
468 2105 555 2152 hostilis
562 2106 609 2160 irae,
619 2121 665 2152 non
673 2102 762 2168 quidem

96 2170 120 2217 in
131 2168 197 2222 bello,
209 2169 249 2222 sed
259 2185 300 2230 pro
311 2184 371 2231 pace,
389 2172 544 2217 tendebantur.

131 2232 226 2281 LXIV.
237 2233 350 2290 Nuntium
360 2236 388 2283 de
399 2236 461 2283 caede
468 2235 549 2283 Galbae
556 2241 580 2282 et
587 2236 680 2298 imperio
689 2235 763 2284 Otho-
810 2277 814 2285 .

98 2299 140 2352 uis,
157 2298 241 2349 Fabius
262 2298 348 2353 Valens
369 2301 393 2348 in
413 2301 503 2350 civitate
525 2300 654 2348 leucorum
674 2302 768 2365 accepit.

79 2364 87 2375 '
99 2362 154 2411 Nec
161 2364 259 2413 militurn
268 2364 355 2418 suimus
366 2366 504 2428 ingaudium
515 2373 554 2413 aut
564 2358 765 2427 fonnidinem'per-
809 2364 813 2375 '

96 2436 186 2477 motare
205 2428 289 2478 bellum
300 2429 413 2487 volvebat.
446 2430 521 2480 Gallis
537 2431 651 2480 cunctatio
668 2439 766 2487 exemto,

100 2500 124 2543 ct
140 2494 163 2551 in
181 2492 298 2543 Othonem
308 2509 335 2541 ac
346 2494 466 2544 Vitellium
483 2494 559 2541 odium
569 2509 616 2555 par,
633 2508 662 2539 ex
673 2492 768 2539 Vitellio

98 2565 123 2609 et
132 2567 214 2610 metus.
247 2556 356 2607 Proxima
366 2558 500 2622 Lingonum
508 2559 588 2604 civitas
596 2563 650 2609 erat,
661 2555 707 2601 fida
715 2571 769 2615 par·

97 2624 169 2687 b‘bus:
187 2623 288 2688 henim
295 2625 391 2687 excepti,
402 2620 515 2681 modestid
525 2616 641 2684 cenavire
648 2618 709 2695 psol
718 2618 770 2678 brt·
