1834 2900
90 98 175 153 utro.
200 98 752 177 nisuonlnnunahaln.0u.7e.'145.

89 222 154 290 ‘iti03
176 233 288 293 donisque
306 248 332 278 ac
351 233 450 293 pecuniis
468 234 548 281 werbe
565 236 753 297 permunicipia‘

90 298 249 407 {appuirendis
263 296 314 357 plus
324 296 415 343 invidiae
425 310 493 357 quam
506 298 590 343 virium
597 300 696 360 partibus
705 300 754 347 aa·

104 376 115 406 e
142 370 157 407 t.

120 422 252 471 LXXVII.
268 423 361 473 Interim
376 426 405 472 ad
422 424 451 471 1,
460 423 578 472 Vitellium
595 442 673 473 servus
685 428 754 475 Ver-⁵

89 489 143 549 ginii
159 487 275 552 Capitonis
289 489 394 552 perfugit,
410 490 574 552 pollicitusque,
591 492 609 536 si
619 493 747 551 praesidium

89 554 200 615 acciperet,
218 570 309 602 vacuam
320 569 394 601 arcem
409 554 466 601 tradi
476 553 585 609 futurum,
601 554 672 601 multi
681 563 749 603 nocte

90 618 188 665 cobortes
200 620 328 682 'expeditas
351 620 446 665 summis
462 619 575 665 montium
587 620 659 680 jugis,
682 635 756 682 super·

89 685 267 745 caput'hostium
285 684 357 731 sistit:
376 684 428 731 inde
444 683 510 729 miles
527 683 563 729 sd·
574 684 659 729 caedcm
675 685 755 746 magis

15 784 16 793 ,
88 762 150 808 quam
168 749 197 795 ad
214 764 316 811 pugnum
334 747 445 795 decurritz
467 755 571 793 sternunt
588 749 693 802 inermes,
709 757 749 795 aut

87 826 146 860 arma
163 814 285 876 capientes,
306 820 329 859 et
346 814 455 876 quostiam
474 827 554 861 somno
572 813 754 870 exommun-

86 878 190 935 tenebris,
212 893 304 939 pavore,
327 878 401 924 sonitu
422 878 533 931 tubarum,
555 875 652 924 clamore
673 876 753 923 hostili

87 944 234 991 trubarentur.
266 940 335 989 Pauci
353 942 511 1004 granatorum
521 942 656 996 resistentes,
675 956 756 1002 neque,

37 1032 44 1039 -
86 1008 150 1056 inulti
160 1004 277 1055 cecidere:
296 1008 372 1053 caeteri
383 1006 411 1053 ad
421 1022 491 1053 naves
501 1008 601 1062 ruebant,
617 1008 655 1053 ubi
662 1008 755 1055 ‘cancul

85 1072 133 1133 pari
142 1071 261 1121 tormidine
270 1072 444 1133 implicabantur,
452 1072 679 1133 permixtis-paganis,
689 1086 748 1132 quos

87 1136 149 1193 nullo
166 1136 292 1183 discrimine
302 1134 419 1182 Vitelliani
429 1136 575 1183 trucidabant.
606 1136 654 1183 Sex
665 1136 749 1185 bibur-

84 1198 574 1327 ittiss‘fntiititttffi
587 1201 750 1327 iiim

84 1338 123 1379 aut
135 1330 203 1377 nimio
215 1330 329 1377 ruentium
339 1344 409 1381 onere
417 1344 506 1390 pressas
519 1342 581 1374 mare
591 1328 673 1375 hausit.
703 1328 747 1377 Ju-

83 1396 157 1443 lianua
174 1396 202 1442 ad
220 1393 250 1441 L.
259 1392 377 1440 Vitellium
391 1394 520 1455 perductura·
534 1399 558 1439 et
567 1393 694 1439 verberibus
703 1392 749 1439 ἰω-

84 1462 157 1514 datus,
173 1461 197 1506 in
208 1475 248 1506 ore
258 1459 433 1522 ejusJugulatur.
467 1455 548 1513 Fuere,
564 1459 602 1519 qui
613 1471 707 1506 uxorem
718 1457 748 1508 L.

83 1524 174 1572 intelli
184 1523 293 1570 Triariam
307 1525 451 1577 incesserent,
467 1529 588 1583 tamquam,
602 1523 679 1584 gladio
689 1523 749 1570 miii·

81 1590 127 1638 tari
137 1589 225 1644 cincta,
241 1588 299 1634 inter
314 1588 400 1635 luctum
417 1585 535 1647 cladesque
544 1595 679 1648 expugnatae
690 1586 750 1634 Tar·

83 1654 175 1709 racinae,
187 1653 281 1714 superbe
291 1667 396 1713 saeveque
406 1652 497 1714 egisset.
512 1647 566 1712 Ipse
571 1651 670 1696 lauream
677 1649 751 1712 ge'stae

83 1734 191 1781 prospere
209 1719 242 1765 rei
258 1717 286 1764 ad
301 1717 392 1764 fratrem
408 1717 482 1767 misit:
506 1722 657 1776 percontatus,
669 1717 749 1766 atatim

83 1783 174 1845 regredi
192 1798 223 1838 se,
240 1797 269 1829 an
285 1781 443 1843 perdomandae
455 1779 587 1842 Campaniae
600 1781 702 1828 insistere
708 1782 749 1843 ju·

82 1849 155 1896 beret
188 1847 257 1902 Quod
264 1847 360 1894 salutm
370 1861 417 1894 nnn
427 1845 495 1892 modo
502 1846 601 1907 partibus
608 1843 749 1908 Vespasiani,

79 1913 126 1960 sed
144 1911 271 1974 reipublicae
286 1911 343 1958 fuit:
363 1926 423 1966 nam,
440 1909 459 1956 si
476 1925 554 1958 recens
567 1909 662 1958 victorii
677 1911 750 1969 miles,

81 1985 113 2033 et,-
132 1992 200 2038 auper
216 1977 305 2022 insitam
322 1975 477 2038 pervicaciam,
493 1975 597 2023 secundis
612 1974 684 2028 ferox,
700 1973 752 2020 Ro-

81 2057 146 2090 mam
162 2041 328 2098 contendisset;
346 2040 404 2087 baud
414 2036 486 2100 parab
500 2038 560 2086 moie
575 2045 691 2091 certaturn,
708 2053 751 2084 nec

81 2109 133 2154 nine
145 2105 215 2152 exitio
227 2104 304 2158 Urbis,
315 2103 386 2152 toret:
405 2104 488 2166 quippe
499 2102 527 2150 L
536 2101 638 2158 Vitellio,
649 2101 752 2162 quamvis

81 2171 171 2226 iuriami,
179 2167 260 2216 'inerat
270 2168 391 2225 industria;
409 2183 451 2214 nec
462 2167 588 2222 virtutibus,
599 2173 624 2214 ut
633 2167 693 2222 boui,
704 2167 751 2226 sed,

80 2251 129 2297 quo
141 2233 210 2282 ruodo
220 2234 442 2297 pessimuslquiaque,
453 2233 515 2279 vitiis
523 2232 617 2280 valebat.

80 2339 83 2346 ,
116 2296 269 2346 LXXVIII.
285 2296 350 2344 Dum
361 2299 410 2345 baec
420 2297 443 2343 in
454 2298 554 2358 partibus
567 2295 655 2344 Vitellii
668 2312 752 2358 geruu-

80 2372 131 2422 tur,
155 2363 270 2425 digressus
288 2359 376 2412 Neruii
394 2360 528 2423 Vespasiani
546 2362 667 2417 exercitus,
682 2361 753 2410 festos

80 2429 180 2477 Saturni
191 2428 238 2475 dies
250 2427 350 2474 Ocriculi
360 2441 400 2490 per
411 2427 482 2474 otium
493 2425 598 2487 agitabat
621 2423 696 2473 Causa
706 2433 753 2473 tam

78 2508 163 2556 pravae
182 2507 259 2546 morae,
276 2499 301 2538 ut
313 2491 448 2538 Mucianum
459 2489 621 2552 opperirentur.
651 2487 703 2533 Nnc
713 2488 754 2532 rie·

76 2555 156 2612 suere,
174 2557 212 2616 qui
229 2556 356 2606 Antonium
373 2554 535 2617 suspicionibus
553 2557 680 2612 arguerent,
696 2556 754 2618 tam·

76 2637 154 2684 quarn
181 2621 233 2669 dolo
250 2625 402 2675 cunctantem,
425 2624 479 2680 post
495 2622 593 2679 secretus
604 2608 691 2674 Vitellii
708 2623 755 2670 ⁹9¹³

109 2700 168 2733 voa.
179 2699 216 2732 111.
555 2691 571 2723 ⁰
