1834 2900
165 142 212 185 rat
227 134 584 185 maromnrcunrnnlu
594 133 700 185 Came.
713 138 822 184 uersa.

162 266 283 327 petebatur,
299 266 382 313 aribus
389 266 500 328 grassari3
516 266 540 311 in
551 265 661 313 coloniam
672 263 822 326 Agrippinen·

164 344 211 375 sem
222 329 341 376 descendit.
369 328 427 377 Illuc
438 328 546 378 Claudius
553 329 640 385 Labeo,
651 344 718 389 quem
729 339 822 389 captum,

165 399 189 439 et
198 400 262 439 extra
276 401 411 441 conventum
425 395 565 441 amandatum
576 395 601 440 in
612 393 704 446 Frisios,
720 392 825 448 diximus,

164 458 274 519 corruptis
282 458 414 512 custodibus,
430 458 543 519 perfugit;
560 458 722 520 pollicitusque,
738 456 824 517 siprre·

166 520 246 567 sidium
258 522 353 576 daretur,
367 523 450 569 iturum
462 524 486 569 in
496 522 602 578 Batauos,
617 527 641 567 et
650 522 761 583 maiorm
770 520 824 565 ciri·

164 586 216 631 latis
233 594 318 647 partem
333 587 361 633 acl
377 587 506 633 societatem
522 586 649 633 Romanam
663 592 825 640 retracturum

164 648 256 711 accepti
265 650 362 711 perlitum
373 650 516 711 equitumque
525 648 613 697 modici
622 663 696 702 manu,
703 648 759 695 nihil
769 646 826 709 spui

166 711 266 761 Batavos
278 730 351 769 susus,
368 715 475 774 quosdam
489 714 626 761 Nerviorum
640 712 825 772 Betssiorumque

165 776 189 823 in
204 793 264 825 arma
275 779 349 825 traxit.
381 777 414 825 Et
423 778 500 825 furtim
511 779 590 840 magis,
605 792 673 838 quam
680 776 746 829 belim
764 773 825 822 ΟΜ·

165 841 273 889 ninesates
283 841 443 903 Marsacosque
453 843 585 889 incursabat.
602 839 695 895 Vocula,
707 840 826 887 Gallonrm

165 903 243 952 fraude
253 904 346 959 illectus,
362 906 390 952 srl
400 907 488 953 hostem
498 906 620 951 contendit.

198 967 279 1015 Lvtl.
294 968 346 1015 Nec
362 970 439 1031 procul
456 968 577 1017 Veteribus
593 969 675 1023 aberat,
690 983 741 1015 curn
760 966 826 1016 Clar-

167 1033 225 1083 sicua
244 1046 270 1078 sc
287 1030 365 1087 Tutor,
382 1048 421 1093 per
440 1034 537 1095 εμείεω
555 1033 683 1094 explorandi
700 1032 826 1095 pragnesi.

165 1110 216 1141 cum
227 1095 318 1143 ducibus
329 1096 494 1143 manorum
504 1094 698 1159 pactaiirmorere.
721 1095 827 1157 Tumque

163 1161 266 1219 primum,
283 1160 371 1207 discreti
389 1175 402 1207 a
419 1162 554 1223 legionibus,
569 1161 658 1223 proprio
675 1161 736 1207 vallo
754 1168 826 1207 casua

165 1238 206 1270 sua
213 1224 356 1280 circumdant,
372 1226 497 1273 obtestante
507 1224 603 1279 Voculrl,
619 1224 674 1271 Non
684 1226 740 1272 arleo
751 1225 827 1271 turbs·

165 1293 212 1335 tam
223 1288 323 1335 civilibus
333 1290 400 1337 annis
410 1304 457 1337 rem
468 1288 601 1345 Romanam,
612 1298 638 1335 ut
645 1287 752 1336 Treveris
759 1290 826 1335 etiem

166 1350 350 1414 Lingonibusque
366 1354 479 1416 despectui
495 1355 532 1401 sit.
563 1354 683 1416 Superesse
701 1352 758 1399 tides
774 1368 826 1415 pro·

164 1417 256 1472 vincias.
272 1419 369 1466 victores
378 1419 495 1474 exercitus,
505 1418 617 1468 fortunam
628 1418 720 1480 imperii,
731 1425 757 1465 et
768 1417 828 1465 ulto-

165 1494 201 1528 res
220 1481 281 1528 deos.
320 1483 358 1530 Sic
371 1479 430 1531 'olim
446 1483 588 1531 Sacrovirum
605 1490 627 1530 et
643 1483 740 1538 AEduos,
757 1495 828 1544 nuper

165 1541 284 1592 Vindicem
311 1547 447 1609 Galliasque,
472 1547 566 1610 singulis
588 1548 673 1610 proeliis
693 1547 827 1607 concidisse.

166 1605 253 1656 Eadem
264 1626 340 1660 rursus
347 1614 445 1668 numina,
460 1613 537 1659 earlern
546 1612 599 1666 fata,
606 1610 827 1673 ruptoresfoerlerum

165 1682 326 1736 exspectarent.
357 1676 443 1724 Melius
460 1675 495 1726 D.
510 1675 573 1728 Juiio
591 1675 699 1736 Divoque
716 1674 827 1736 Augusto

164 1745 231 1784 notos
247 1754 325 1786 eorum
341 1741 434 1788 animoa.
468 1741 570 1796 ffltsm,
587 1748 610 1788 et
625 1740 720 1786 infracta
736 1739 828 1792 tultum,

164 1800 257 1848 hostiles
267 1804 357 1863 spiritua
370 1804 475 1850 induisse.
506 1803 576 1851 Nunc
593 1805 675 1858 hostes,
691 1803 745 1864 quia
758 1802 829 1848 molle

163 1865 293 1921 servitium
304 1881 355 1912 cum
367 1867 453 1927 spoliati
461 1869 566 1928 exutique
575 1868 664 1923 luerint,
675 1868 762 1913 amicos
772 1866 830 1913 fore.

165 1925 225 1974 Haec
238 1927 342 1976 ferociter
351 1930 445 1986 loeutus,
461 1939 578 1993 postquam
592 1939 690 1994 perstare
700 1932 723 1977 in
734 1928 831 1992 petinii

165 1989 289 2040 Classicum
306 1992 459 2056 Tutoremque
475 1995 543 2050 ridet,
559 2011 624 2043 verso
640 1995 725 2050 itinere,
744 1992 827 2042 Nove·

162 2057 221 2104 sium
232 2060 341 2106 concedit.
357 2059 418 2106 Galli
426 2060 495 2106 dulim
505 2058 599 2106 millium
610 2060 680 2121 spatio
691 2058 830 2105 distantibus

162 2123 245 2184 campis
256 2121 382 2170 consedere.
414 2121 473 2170 Illuc
486 2123 658 2171 commeantium
668 2124 830 2169 centurionum

161 2187 300 2246 militumque
308 2188 436 2236 emebantur
449 2187 531 2234 ammi:
550 2194 576 2234 ut
586 2186 708 2250 (flagitium
718 2187 829 2248 incogni-

161 2249 221 2309 tum)
236 2249 353 2298 Romanus
369 2251 480 2300 exercitus
495 2253 520 2297 in
534 2259 626 2299 exteras
636 2251 703 2297 verbs
712 2252 828 2314 jurarent,

162 2313 287 2373 pignusque
298 2315 354 2360 tanti
368 2315 457 2363 sceleris
471 2331 527 2362 nece
536 2323 575 2362 aut
589 2315 683 2363 vinculis
697 2316 831 2376 legatorum

161 2374 256 2421 daretur.
289 2375 382 2431 Vocula,
398 2393 533 2438 quamquam
543 2378 731 2441 pleriquetugsm
743 2380 831 2426 suade·

160 2437 220 2492 bant,
237 2439 361 2486 audendum
370 2447 437 2496 ratus,
453 2441 534 2490 vocali
541 2444 657 2500 concione,
668 2443 693 2490 in
700 2444 763 2490 hunc
773 2458 832 2491 mo·

160 2499 340 2550 (lumdisserur'tr
420 2549 422 2552 .

192 2562 286 2637 vam·
301 2566 448 2628 “Nunquam
462 2571 521 2632 apud
532 2585 575 2618 vos
588 2573 655 2618 verbs
664 2569 715 2625 teet.
732 2579 773 2618 sut
785 2587 833 2634 pro

158 2627 221 2676 vobis
239 2628 358 2687 sollicitior,
375 2638 413 2678 sut
431 2647 529 2694 prome
546 2635 652 2684 morior.
684 2633 750 2683 Nam
767 2636 832 2686 mitt
