1834 2900
166 115 212 161 166
229 106 477 159 HISTORIARUM
484 108 536 158 Lae.
542 108 587 158 IV.
596 108 702 159 Cum.
711 111 741 149 U.
748 110 773 150 c.
779 106 820 150 ω.

162 240 213 287 aula
220 238 275 285 miri
282 239 413 296 constantii,
421 242 600 302 prehensumque
606 239 701 285 militem
709 234 820 285 acromio-

164 313 250 351 rentem
261 304 312 351 duci
323 305 351 351 ad
363 306 574 368 suppliciumjussit.
606 304 645 359 Et,
662 305 716 350 dum
726 303 821 363 maiipar

163 367 821 496 dimidiiHiddffiii'iussdiffi

163 512 213 545 rum
225 500 245 544 ei
256 500 363 559 permisit

197 562 294 610 XXVI.
312 564 356 611 Sed
374 565 486 611 discordes
504 564 591 609 animos
607 562 820 618 muitaefferabantr
902 585 904 590 ·

163 628 239 690 inopia
255 630 357 689 stipendii
372 628 537 690 frumentique3
553 636 577 674 et
588 627 655 673 simul
665 628 776 673 delectum
787 625 823 671 tri·

163 692 260 753 butaque
269 693 350 741 Galliae
361 694 534 753 adspernantes;
551 692 652 745 Rhenus,
669 688 823 753 incognitam

164 759 223 804 coelo
235 759 340 811 siccitate,
350 759 388 803 vix
396 759 487 804 navium
495 758 594 819 patiena;
607 756 664 803 arcti
672 764 821 803 commeatum

165 823 280 883 dispositae
290 838 428 884 peromnem
437 824 506 884 ripam
515 824 631 879 stationes,
639 836 692 882 quae
701 822 824 868 Germanou

165 889 223 933 vado
234 894 347 933 arcerent:
362 885 484 948 eidemque
494 888 523 933 de
532 886 600 933 causi
609 887 686 932 minus
695 885 793 947 frugum,
803 889 826 930 et

163 952 245 1013 phtres,
262 952 299 1010 qui
320 959 484 999 consumerent.
515 952 584 1013 Apud
600 952 716 1011 imperitos
733 946 829 1012 prodigii

164 1017 215 1062 loco
227 1016 373 1077 accipiebatur
383 1018 430 1077 ipsa
441 1031 546 1076 aquarum
557 1016 655 1077 penuria,
665 1022 779 1074 tamquam
788 1026 828 1059 noe

166 1094 243 1125 amnes
259 1094 347 1139 quoque
363 1086 386 1126 et
403 1088 481 1127 vetera
497 1080 583 1142 imperii
593 1080 828 1127 munimentadesere·

166 1150 229 1190 rent:
248 1144 308 1203 quod
319 1145 343 1191 in
353 1158 408 1206 pace
418 1145 472 1200 fors,
489 1161 528 1191 seu
546 1152 633 1199 natura,
647 1152 702 1191 tunc
718 1144 791 1190 iatum
806 1149 828 1189 et

165 1209 199 1255 ira
207 1207 260 1262 Dei,
272 1210 399 1255 vocabatur.
417 1208 531 1271 Ingressis
541 1210 667 1257 Noseaium
679 1209 830 1255 tertiadecima

166 1273 226 1334 legio
237 1274 388 1336 conjungitur.
420 1275 518 1324 Additur
526 1274 622 1321 Voculae
631 1276 655 1320 in
665 1280 754 1335 partem
766 1287 829 1319 cura

167 1353 216 1385 rum
227 1338 359 1386 Herennius
371 1338 457 1393 Gallus,
474 1341 575 1401 legatum
595 1354 638 1385 nec
647 1338 733 1385 ausiad
743 1340 830 1414 hostem

165 1404 394 1523 tttttittttt
406 1404 740 1530 ttttttttttttttt
745 1402 835 1514 {31¹3

165 1532 217 1578 beili
225 1532 395 1589 meditamentis,
406 1534 501 1580 militem
511 1533 635 1580 firmabant.
667 1532 747 1593 thue
757 1530 834 1594 praedi

167 1597 196 1643 ad
209 1598 316 1644 virtutem
327 1599 492 1652 accenderetur,
509 1600 532 1645 in
543 1600 657 1660 proximos
669 1598 834 1659 Gugernormn

165 1677 244 1772 pappa,
253 1664 428 1774 quif⁰⁰i²i³ss²m
438 1661 520 1773 cmi}
526 1663 753 1775 accepemgtssductua
759 1678 774 1708 a
781 1662 835 1774 veit..

166 1742 194 1773 cu
204 1742 296 1773 aexeror
309 1743 341 1774 us.
390 1743 486 1774 aratum
521 1743 613 1774 erennro
646 1743 659 1774 a
676 1743 690 1772 o
730 1741 797 1774 rman

199 1789 310 1838 XXVII.
327 1791 396 1838 Forte
414 1807 502 1847 navem,
518 1793 577 1839 haud
590 1793 669 1855 procul
679 1743 765 1846 eniteris,
784 1791 835 1838 fru-

167 1863 244 1901 mento
258 1869 357 1916 gravem,
374 1871 425 1902 cum
436 1871 476 1918 per
491 1858 548 1904 vada
558 1859 666 1911 haesiaset,
684 1857 801 1903 Germani
811 1857 835 1902 in
902 1858 903 1921 i

167 1933 230 1966 suam
248 1920 317 1980 ripam
332 1921 454 1968 trahebant.
487 1921 543 1968 Non
559 1922 611 1968 tulit
622 1921 708 1975 Gallus,
726 1922 837 1982 misitque
902 1928 903 1973 i

167 1984 265 2032 subsidio
276 1985 397 2032 cohortem.
414 1987 503 2033 Auctus
511 1995 535 2033 et
543 1986 708 2033 Germanorum
716 1999 836 2039 numerua,
902 2044 903 2047 Ἴ

166 2050 316 2111 paulatimque
325 2052 499 2112 aggregantibua
510 2067 535 2097 se
545 2051 639 2106 auxiliis,
655 2051 703 2096 acie
713 2058 838 2098 certatum·

168 2115 277 2162 Germani
295 2113 366 2163 multi
382 2130 433 2162 cum
450 2124 526 2177 strage
542 2124 668 2163 nostrorum
680 2129 763 2161 navem
776 2117 838 2161 abri-
902 2118 903 2169 ᾗ

167 2180 239 2240 piunt.
271 2179 333 2226 Victi
353 2181 423 2244 (quod
442 2187 490 2227 tum
509 2181 532 2226 in
549 2195 636 2227 morem
655 2179 767 2239 verterat)
790 2193 839 2226 non
902 2214 903 2225 t

167 2257 230 2289 suam
242 2244 361 2304 ignaviam,
374 2244 533 2306 sedpertidiam
543 2245 612 2307 iegati
622 2245 749 2306 culpabam
776 2244 839 2291 Pro·
902 2272 903 2329 p

167 2311 264 2352 tractum
281 2323 294 2354 e
312 2309 415 2362 tentorio,
432 2307 502 2356 scissi
513 2317 583 2365 reate,
600 2311 717 2356 verberato
728 2323 838 2372 corpore,
902 2342 903 2347 ,

167 2384 211 2428 quo
233 2371 311 2431 pretio,
335 2372 413 2430 quibus
432 2375 534 2428 consciis,
549 2374 683 2436 prodidisset
700 2376 839 2428 exedum,

166 2433 333 2492 dicerejubent.
365 2436 434 2482 Redit
445 2438 468 2483 in
480 2437 638 2485 Hordeonium
647 2439 739 2485 invidia.
766 2438 840 2486 llltan

167 2503 282 2542 auctorem
301 2499 398 2554 sceleris,
414 2502 473 2548 hunc
491 2503 618 2550 ministrum
639 2512 735 2561 vocant;
753 2504 840 2557 donee,

166 2560 261 2606 exitium
272 2562 425 2610 minitantibus
436 2567 561 2622 exterritus,
578 2567 727 2628 proditionem
744 2576 772 2615 et
791 2570 842 2630 ipsa
902 2592 903 2625 g

167 2621 300 2672 Hordeonio
311 2628 403 2690 obJecit:
418 2630 558 2692 vinctusque,
569 2633 668 2681 adventu
679 2633 775 2680 demum
788 2633 842 2681 Vo-
