1834 2900
151 102 196 146 178
214 94 463 173 Hrsupnlanum
472 94 527 141 Lm.
533 93 579 141 IV.
586 94 646 143 Car.
652 98 761 142 48.U.c.
768 99 813 139 usa.

60 230 62 237 ’
153 241 193 289 per
211 224 296 271 Urbem
315 212 339 269 iet
355 222 412 269 Urbi
429 224 505 270 siclus
518 224 644 283 conquisiti,
659 224 817 287 producuntur,

153 302 223 353 prope
244 289 328 335 intecto
347 303 447 350 corpore.
478 288 528 336 an
547 288 669 335 Mucianus
690 290 772 343 diduci,
795 297 818 334 et

155 354 316 401 Germanicum
327 352 528 414 Britannicumque
537 353 638 409 militem,
647 368 673 399 ac
684 355 703 400 si
714 354 753 414 qui
764 354 817 399 alio-

154 434 205 465 rum
224 420 369 473 exercituum,
390 420 508 479 separatIm
526 418 640 476 adsistere,
656 420 731 481 Jubet.
765 411 820 465 Illos

154 484 240 547 primus
256 485 331 530 statIm
342 484 459 545 adspectus
470 482 662 544 obstupefecerat:
681 498 734 529 cum
745 498 774 529 ex
785 483 818 528 di-

154 558 222 595 versu
233 550 295 595 velut
303 550 379 602 aciem,
388 549 438 593 tells
446 554 470 593 et
477 549 544 594 armis
552 556 644 604 trucem,
654 558 726 595 semet
732 549 819 594 daucos

152 615 274 675 nudusque,
291 621 315 661 et
323 614 399 660 illuvie
409 612 526 668 deformes,
537 613 684 675 adspicerent.
718 613 754 660 Ut
764 628 817 659 reru

156 682 200 727 huc
211 680 264 726 illuc
275 679 365 725 dittrahi
377 676 472 738 coepdre,
488 686 609 739 metuspsr
619 692 706 732 omues,
723 686 747 723 et
762 689 819 739 pre·

154 744 221 806 eipua
232 744 361 791 Genuauici
372 742 448 788 militis
455 743 558 797 formido,
570 751 685 803 tamquam
693 741 721 789 ed
731 758 819 803 sepum·

155 810 217 855 tlune
232 810 260 855 ad
277 809 362 855 caedem
379 807 555 854 destinarentur:
573 822 680 869 prensare
696 808 821 854 commani-⁸

155 874 265 937 polanum
278 880 374 933 pectora,
391 872 515 919 cervicibus
524 873 614 927 inuecti,
631 884 735 934 suprema
745 872 820 919 oscula

155 946 240 1001 petere,
255 952 284 983 ne
296 937 450 983 desererentur
461 938 509 993 soli,
526 952 577 992 neu,
594 938 617 983 In
626 938 673 999 pari
683 936 758 993 causi,
775 938 820 983 dIs·

155 1015 231 1065 parem
242 1002 354 1047 fortunam
365 1008 506 1061 paterentur:
520 1002 588 1047 modo
599 1002 740 1058 Mucianum,
752 1002 819 1048 modo
902 1037 903 1054 ,

154 1069 268 1113 absentem
279 1066 407 1128 principem,
424 1074 562 1127 postremum
573 1067 656 1113 coelum
668 1081 693 1113 ac
705 1067 773 1114 Deos
780 1068 819 1113 ob·

154 1131 245 1177 testari:
271 1130 342 1176 donec
364 1129 493 1185 Mucianus,
510 1139 603 1178 cunctos
624 1132 725 1194 ejusdem
747 1147 820 1179 sacra·

154 1195 232 1246 ruenti,
249 1195 348 1257 ejusdem
369 1195 509 1257 imperatoris
523 1196 605 1243 milites
622 1196 744 1258 appellans,
764 1196 821 1243 salso
902 1203 903 1206 ’

156 1259 231 1307 timori
239 1261 327 1307 obviam
338 1260 387 1305 iret.
418 1260 525 1323 Namque
534 1268 558 1307 ct
568 1262 640 1308 victor
650 1263 764 1308 exercitus
775 1262 819 1307 cla-

154 1338 218 1378 more
233 1325 344 1386 lacrymas
360 1340 437 1371 eurum
450 1326 552 1388 Juvubat.
583 1324 652 1386 Isque
665 1325 717 1372 {inlu
727 1324 768 1372 int
778 1327 819 1373 die.

156 1388 239 1437 Paucis
249 1398 300 1452 post
311 1390 393 1445 diebus,
410 1390 559 1452 alloquentem
571 1390 728 1437 Domitianum
739 1390 822 1437 firmati

152 1455 201 1518 jam
218 1453 332 1517 excepere.
366 1457 479 1518 Speruuut
489 1457 575 1504 oblatos
585 1471 667 1518 agros:
686 1457 790 1504 militium
801 1463 823 1504 et

157 1519 267 1582 stipendia
275 1525 347 1568 orant.
379 1519 462 1570 Preces
472 1529 542 1576 eraut,
560 1522 599 1567 sed
610 1522 689 1582 quibus
700 1523 823 1569 contradici

157 1597 205 1632 nou
215 1593 303 1646 posset:
318 1587 387 1648 igitur
393 1586 418 1632 in
428 1587 558 1647 proetunum
569 1587 661 1647 accepti
688 1585 760 1641 Dein,
772 1587 821 1647 qui-

148 1650 198 1697 *bus
212 1658 267 1698 aetas
277 1657 300 1697 et
309 1651 372 1713 Justa
383 1651 499 1711 stipendia,
516 1652 600 1697 dimissi
612 1665 663 1697 cum
674 1652 768 1706 honore,
784 1651 821 1697 alii

156 1715 186 1761 ub
202 1715 302 1776 culpam3
321 1715 361 1761 sed
376 1716 469 1776 carptim
485 1729 511 1762 ac
529 1715 625 1776 singuli:
644 1731 690 1775 quo
707 1717 821 1763 tutissimo

156 1781 256 1825 remedio
267 1793 390 1826 consensus
400 1780 549 1826 multitudinis
558 1787 698 1827 extenuatur.

190 1838 298 1888 XLVII.
315 1841 431 1890 Caeterum
446 1843 531 1895 verdae
545 1845 657 1906 pauperie,
673 1859 703 1890 sn
714 1845 748 1890 uti
761 1845 823 1890 ride

157 1913 225 1960 retur,
242 1913 316 1954 actum
335 1908 359 1952 in
376 1914 462 1962 senatu,
479 1916 505 1955 ut
522 1910 647 1957 sexcenties
663 1909 793 1955 sestertium
811 1922 825 1954 a

158 1971 250 2084 privatis
261 1979 364 2019 mutuum
375 1974 526 2036 acciperetur:
546 1974 724 2035 prepositusque
732 1973 754 2020 ei
765 1988 827 2020 curae

180 2048 271 2100 opp'aeus
283 2037 400 2085 Silvanus:
420 2051 462 2086 rrec
474 2040 546 2084 multo
562 2045 614 2100 post
628 2039 752 2103 pccessitus
763 2039 824 2095 abiit,

158 2104 207 2150 slve
215 2105 297 2150 omissa
307 2102 425 2151 simulatio.
458 2103 568 2165 Abrogati
579 2103 637 2157 inde,
649 2104 724 2164 legem
734 2102 825 2150 ferente

156 2167 299 2224 Domitiano,
316 2169 451 2223 consulatus,
468 2183 525 2228 quos
540 2167 645 2214 Vitellius
661 2167 768 2214 dederat:
787 2167 826 2214 fu·

111 2285 114 2295 ¹
157 2245 245 2293 nusque
253 2234 379 2280 censorium
388 2233 467 2280 FlnvIo
476 2233 558 2280 Sablno
569 2233 674 2279 ductum:
687 2246 773 2294 magna
783 2233 826 2278 do·

157 2305 263 2342 tumenta
278 2297 386 2344 instabilis
402 2297 518 2354 Formnae,
535 2311 667 2358 summaque
676 2303 701 2342 et
710 2298 757 2344 imu
768 2298 826 2344 mla-

155 2361 235 2406 centis.

190 2421 312 2470 XLVIII.
333 2425 379 2470 Sub
397 2424 455 2471 idem
475 2432 564 2488 tempus
581 2425 610 2472 L
628 2425 683 2473 Plau
701 2427 830 2487 proconsul

155 2486 295 2532 interficitur.
328 2485 364 2534 Et
375 2489 403 2534 de
414 2490 476 2536 caede
486 2505 552 2550 quam
567 2492 682 2538 verissime
697 2494 830 2554 expediam,

158 2551 177 2594 si
195 2564 265 2612 pauca
279 2565 346 2612 supra
356 2553 471 2612 repetiero,
488 2556 516 2600 ab
531 2555 595 2601 initio
612 2557 730 2616 causisque
747 2556 831 2604 talum

156 2612 280 2662 facinorum
295 2629 341 2663 uon
355 2616 455 2664 absurda.
489 2617 564 2680 Legio
574 2621 597 2666 iu
609 2618 689 2668 Amet
698 2623 832 2683 auxiliaque
902 2632 903 2683 j
