1834 2900
114 111 205 157 nodo.
230 111 480 167 HISTORIARUM
491 115 714 167 LralV.Car.16.
731 121 780 170 159

113 252 207 285 numero
224 251 363 304 superantur.
396 244 456 291 Mox
474 246 569 295 occultis
584 248 670 295 nuntiis
685 247 779 309 pellexit

113 300 246 353 Britannica
264 309 360 364 auxilie«
371 309 511 357 Batavorum
528 314 638 367 cohortes,
655 314 735 360 missas
752 312 778 361 la

114 366 267 425 Germaniam,
285 380 310 418 ut
325 389 392 435 supra
401 375 524 429 retulimus,
538 390 567 430 ec
577 384 625 423 tum
636 378 777 439 Mogontiaci

114 440 216 491 agentes.
254 435 311 483 Erat
328 439 352 485 in
370 437 554 488 Canninefatibus
572 442 660 489 stolide
677 443 776 489 audacias

114 493 211 554 Brinno,
226 500 325 549 claritate
333 504 439 551 natalium
447 505 544 567 insignia
562 508 690 569 paterejus,
705 507 776 553 manta

114 560 204 609 hostilia
219 579 292 621 ausus,
319 566 454 617 Gaianarum
473 570 640 631 expeditionum
659 572 775 617 ludibrium

114 624 206 700 impune
222 640 343 693 spreverat.
376 632 450 695 Igitur
466 635 516 696 ipso
533 636 621 683 rebellis
632 635 724 681 famine
734 650 776 682 no·

113 704 174 736 nune
192 694 281 755 placuit,
304 699 466 759 impositusque
484 707 556 755 acuto,
576 715 640 746 more
657 701 739 761 gentis,
755 706 778 751 et

113 757 272 805 sustinentium
283 762 382 809 humeris
394 764 499 818 vibratus,
516 765 562 812 dux
577 765 689 827 deligitur.
721 765 776 812 Sta-

112 820 198 881 timque
209 825 286 871 accim
294 824 372 873 Frisiis
383 828 673 891 (transrheuanageuaest)
684 830 776 875 domum

113 884 241 933 cohortium
260 890 357 945 hiberna,
379 893 481 954 proxima
499 906 614 955 occupatu,
634 895 727 941 Oceano
746 894 777 939 ir·

112 952 204 1011 rumpit.
232 952 283 999 Nee
293 957 441 1016 praeviderant
451 959 558 1019 impetum
569 960 667 1006 hostium
678 960 776 1014 militen

112 1026 162 1067 ¹120,
180 1017 198 1063 ai
209 1018 369 1078 providissent,
386 1029 439 1069 satu
453 1023 534 1069 virium
545 1024 574 1071 ad
583 1024 704 1071 arcendum
720 1032 776 1071 erat.

113 1075 188 1139 Capta
198 1081 267 1142 igitur
277 1090 300 1129 et
310 1085 395 1146 direpta
405 1094 492 1132 eastra:
511 1088 563 1134 dein
579 1103 657 1151 vagos,
674 1098 697 1135 et
713 1092 775 1150 pacis

112 1143 183 1191 rnndu
200 1144 288 1201 effusos,
304 1149 362 1196 lixas
379 1151 573 1213 negotiatoresque
583 1152 774 1201 Romanosiuva·

112 1206 176 1257 dnnt.
211 1210 281 1259 Simul
287 1214 392 1261 exscidiis
402 1216 544 1263 cartellorum
555 1218 713 1274 immiuehaut;
724 1234 776 1279 que

108 1286 125 1317 a
136 1273 247 1333 praefertis
256 1279 381 1324 cohortium
395 1280 488 1327 incensa
497 1288 557 1338 sunt,
573 1283 624 1341 quia
634 1282 722 1328 defendi
733 1298 774 1331 aa·

109 1339 209 1397 quibant
244 1342 315 1403 Signa
324 1343 456 1405 vexillaque,
472 1353 496 1392 et
506 1346 567 1407 qnod
576 1347 679 1400 mllitum,
694 1347 718 1391 in
736 1362 774 1395 sue

109 1404 221 1463 perierem
232 1406 313 1454 iusulae
323 1416 409 1469 partem
420 1418 594 1474 congregantur,
604 1413 662 1459 duce
668 1410 775 1472 Aquillio,
828 1460 831 1465 ,

111 1469 258 1530 primipilari3
281 1488 363 1520 nomen
384 1476 456 1536 magis
478 1477 596 1532 exercitiis,
611 1491 679 1538 quarn
701 1477 774 1524 robur.

113 1529 211 1595 Quippe,
228 1535 310 1583 viribus
320 1540 443 1586 cohortium
455 1542 561 1600 Muetis,
573 1542 687 1598 Vitellius,
698 1558 711 1588 e
721 1558 774 1603 pro·

110 1596 180 1647 ximn
201 1598 337 1648 Nerviorum
359 1604 570 1666 Germanorumque
586 1608 658 1668 pagis,
680 1621 773 1667 segna-

110 1675 231 1710 numerum
239 1667 306 1712 annis
317 1677 455 1716 oneraverat.

69 1771 73 1778 ‚
143 1726 215 1774 XVI.
233 1727 319 1787 Civilis,
341 1732 393 1780 dolo
411 1735 558 1796 grassandum
580 1743 649 1788 ratus,
665 1735 776 1782 incusavit

109 1785 172 1840 ultro
186 1793 310 1852 praefectos,
322 1799 383 1856 quod
392 1800 485 1846 castella
494 1798 650 1847 deseruissent.
682 1799 713 1847 Se
723 1811 774 1847 enm

110 1856 210 1912 cohorte,
227 1861 262 1906 cui
277 1871 379 1922 praeerat,
397 1861 568 1912 Canninefatem
578 1866 700 1913 tumultum
709 1879 774 1912 eom·

109 1933 251 1981 pressurum:
265 1925 297 1972 illi
306 1928 447 1988 ausoniaque
457 1929 548 1976 mlier-na
558 1939 691 1990 repeterent.
715 1931 774 1978 Sub-

110 1999 162 2032 esse
178 1985 276 2036 fraudem
294 1993 394 2047 oonsilio,
410 2001 434 2039 et
451 1991 561 2056 dispersas
574 1997 678 2042 cohortes
688 1994 775 2040 facilius

109 2052 212 2112 opprimi,
229 2069 271 2102 nee
287 2054 426 2104 Brinnonem
444 2059 524 2105 ducem
539 2061 588 2121 ejus
602 2060 661 2112 belli,
679 2058 719 2104 aed
734 2056 775 2104 Oi·

108 2115 178 2162 vilem
195 2133 250 2172 esse,
268 2121 355 2180 patuit;
374 2125 541 2185 erumpentibus
557 2124 663 2185 paulatim
680 2122 774 2177 iudiciis,

107 2194 163 2240 que
183 2181 297 2238 Genuam,
320 2186 373 2232 laeta
391 2187 449 2234 bello
467 2203 531 2250 gens,
554 2203 600 2235 non
618 2188 656 2234 diu
675 2187 774 2234 occulta-

109 2251 199 2292 verant.
233 2245 278 2296 Ubi
294 2251 381 2298 insidie
397 2264 475 2314 parum
494 2252 589 2308 cessere,
605 2253 690 2299 arluini
702 2263 775 2300 trana-

108 2323 210 2370 gressus,
243 2311 408 2372 Canninefates,
440 2317 532 2372 Frisios,
556 2317 657 2365 Batavos
680 2318 777 2380 propriis

109 2375 188 2422 cuneis
203 2381 325 2440 componit.
364 2380 459 2428 Diserta
474 2398 503 2428 ex
520 2383 608 2430 diverso
627 2383 693 2436 acies,
717 2381 775 2428 haud

107 2441 188 2501 procul
199 2455 212 2486 a
222 2441 315 2491 flumine
328 2445 418 2501 Rheno,
435 2455 459 2494 et
472 2448 573 2494 obversis
585 2449 610 2492 in
626 2449 715 2492 hostem
733 2461 774 2491 na·

106 2505 180 2559 vibus,
192 2522 253 2566 quas,
270 2510 368 2557 incensis
379 2511 482 2565 castellis,
497 2512 550 2557 illuc
566 2511 709 2570 appulerant:
729 2520 773 2551 nec

106 2568 147 2616 diu
166 2577 258 2627 certato,
282 2573 429 2636 Tungrorum
447 2576 529 2620 cohors
546 2575 613 2634 sigua
631 2574 660 2618 ad
679 2570 777 2640 Civilem

107 2635 239 2694 transtulit;
255 2639 398 2700 perculsique
415 2638 499 2684 milites
515 2635 639 2698 improvisi
652 2633 779 2694 proditione
