1834 2900
3 180 4 183 ,
93 143 186 187 nom.
205 134 687 191 HISTORIARUMLulv.Csr.ac.
722 144 768 190 17³

99 277 142 324 tur,
158 268 248 331 vulgus,
264 267 370 317 alimerna
387 266 411 315 in
430 268 479 316 dies
496 271 590 317 mercari
608 272 705 327 colinam,
726 273 764 318 cni

99 349 144 382 una
153 349 183 381 ex
194 331 306 395 republici
316 348 412 381 annonae
420 348 481 388 cura,
492 336 593 383 clauorum
600 336 661 392 liban
672 338 769 386 retineri.

99 405 244 452 commeatus,
256 398 308 444 dum
319 399 390 454 timet,
402 398 521 457 eredehat3
537 402 669 461 augentibus
678 401 761 454 suanam

99 463 233 515 Vitellianis,
250 463 395 523 quintarium
406 464 503 526 partitam
514 464 614 512 nondum
625 474 761 526 posuerant;

100 544 130 575 ne
140 528 261 574 victoribus
275 528 364 589 quidem
378 530 468 590 ingrato
478 544 575 583 rumore
590 544 684 591 quornm
699 533 761 593 cupi·

100 594 295 646 ditatae-externis
306 608 395 653 quoque
409 594 474 641 bellis
484 595 636 657 inexplebiles,
647 595 708 643 nulla
718 611 761 643 un·

100 657 457 771 qqurxcrxvplppquqqnqppltpppipp
469 724 493 771 in
507 730 593 779 senatu,
608 738 676 784 quem
687 723 762 772 Julius

99 787 228 842 Frontinus,
244 794 327 849 praetor
342 788 445 841 urbanus,
462 797 589 846 vocaverat,
605 788 687 850 legatis
697 802 763 836 exer-

99 853 222 911 citibusque
236 866 262 897 ac
278 851 373 913 regibus.
388 852 466 902 laudea
475 860 596 914 gratesque
608 854 719 901 decretae:
740 861 764 900 et

99 916 178 963 Tertio
189 915 206 964 J
207 916 281 963 uliano
291 922 395 977 praetura,
406 923 518 977 tamquam
527 918 728 980 transgredientem
738 920 763 965 in

98 988 173 1044 partes
184 978 316 1042 Vespasiani
327 980 439 1043 legionem
450 983 591 1038 deseruisset,
607 983 686 1038 ablata,
702 991 728 1031 ut
738 985 763 1030 in

101 1046 201 1094 Plotium
224 1046 335 1107 Griphum
356 1045 521 1095 transferretur.
553 1046 644 1095 Hormo
665 1050 686 1095 di
721 1050 764 1096 'tas

100 1111 210 1171 equestris
227 1110 284 1159 daca
316 1109 349 1157 Et
360 1124 422 1169 mox,
438 1112 539 1175 ejurante
549 1111 666 1169 Frontino,
706 1126 765 1162 esar

100 1175 246 1223 Domitianus
262 1182 382 1237 praeturam
398 1178 464 1239 cepit.
496 1176 554 1239 Eius
564 1193 647 1224 nomen
663 1179 763 1241 epietolis

100 1240 222 1300 edictisque
232 1241 416 1302 preponebatm
432 1242 469 1289 vis
478 1255 547 1303 penes
555 1242 688 1289 Mucianum
699 1250 763 1300 crat3

100 1306 143 1353 nisi
154 1304 213 1365 quod
226 1307 331 1367 pleraque
342 1305 495 1362 Domitianus,
511 1307 669 1368 instigantibus
679 1308 764 1362 amicis,

99 1377 138 1418 aut
154 1369 243 1432 proprii
258 1370 356 1427 libidine,
373 1372 475 1421 audmst.
508 1370 553 1418 Sed
570 1372 696 1434 praecipuus
706 1371 763 1418 Mu-

99 1437 165 1484 clano
179 1441 253 1483 metus
264 1452 277 1482 c
288 1434 365 1484 Primo
376 1435 479 1484 Antonio
490 1435 597 1498 Varoque
607 1436 690 1495 Arri03
707 1453 765 1499 quos
782 1497 785 1503 Ι

100 1506 211 1551 recentes.
227 1502 342 1561 durosque
359 1517 432 1549 rernm
449 1499 510 1549 saml
524 1518 551 1549 ac
567 1503 662 1550 militurn
676 1503 763 1558 studiis,

99 1565 169 1614 etiam
181 1565 275 1626 populus
288 1565 383 1622 fovebat,
400 1569 452 1628 quia
462 1569 486 1613 in
502 1568 613 1614 nearinem
624 1569 683 1615 ultra
692 1569 764 1614 aciem

99 1630 228 1678 saevimant.
266 1629 300 1678 Et
325 1630 436 1680 lerebetur
457 1633 572 1680 Antonius
594 1632 764 1678 Scribonianum

101 1694 217 1751 Crassum,
234 1696 332 1759 egregiis
342 1698 462 1759 mq'oribus
472 1704 496 1744 ct
502 1695 602 1744 fraterni
611 1697 710 1759 imagine
719 1695 764 1742 lul·

99 1767 201 1824 gentem,
210 1761 238 1808 ad
246 1762 403 1826 capessenda
412 1762 570 1824 rempublicam
578 1763 693 1818 hortatum
703 1761 764 1808 haud

99 1823 205 1872 defuturi
221 1828 363 1874 oonsdnrum
379 1842 454 1881 mann,
471 1828 495 1874 ni
506 1827 664 1876 Scribonianus
673 1827 764 1874 abnuis·

100 1897 144 1946 set,
155 1904 184 1950 ne
193 1892 276 1952 paratis
283 1892 372 1954 quinem
383 1893 496 1952 corrumpi
505 1891 584 1949 neus,
594 1893 651 1940 adeo
662 1899 765 1938 metamus

97 1955 192 2001 incerta.
225 1955 299 2017 Igitur
319 1955 448 2012 Mucianus,
469 1957 520 2017 qaia
537 1957 651 2019 propalam
670 1957 766 2018 opprimi

100 2019 217 2066 Antonius
234 2022 345 2082 nequibat,
361 2021 438 2070 multis
449 2022 473 2068 in
483 2027 562 2068 acesto
572 2022 674 2068 laudibus
685 2035 764 2066 cumu-

97 2085 178 2140 latum
186 2087 277 2132 seeretis
283 2085 399 2148 premissis
406 2093 492 2139 onerat,
498 2086 623 2132 citeriorem
631 2084 765 2146 Hispaniam

98 2156 222 2206 ostentam,
240 2150 339 2198 discessu
350 2148 426 2199 Cluvii
437 2150 493 2198 Ruti
503 2164 613 2207 vscunn3
630 2149 698 2197 simul
708 2149 764 2196 arni·

97 2215 132 2260 cis
152 2215 200 2277 ejus
218 2215 343 2263 tribunatus
358 2216 545 2278 praefecmnsque
562 2215 662 2278 largitur.
695 2213 765 2271 Dein,

95 2285 217 2341 postquam
225 2281 315 2328 inanem
323 2281 422 2328 animum
433 2295 474 2343 spe
483 2289 507 2329 et
516 2281 620 2343 cupidine
626 2280 766 2342 impleverat,

96 2343 160 2390 vires
171 2345 244 2392 abolet
250 2363 259 2404 3
275 2344 368 2392 dimissi
377 2347 400 2392 in
411 2347 504 2394 hiberna
511 2347 603 2409 legione
613 2343 714 2408 memb
723 2359 765 2392 cu·

91 2409 135 2471 jus
153 2407 340 2471 flagrantissimus
357 2410 380 2456 in
399 2412 526 2458 Antonium
546 2427 616 2458 amos.
649 2410 683 2457 Et
700 2410 768 2456 tertia

95 2474 168 2536 legio,
190 2474 305 2522 funilimis
321 2475 389 2522 Arrio
407 2475 471 2523 Varo
489 2477 561 2532 miles,
576 2477 601 2522 in
621 2476 709 2536 Syriam
728 2488 765 2518 re·

95 2540 175 2586 missa.
207 2539 265 2586 Pars
275 2541 387 2589 exercitlls
397 2542 420 2588 in
432 2541 568 2588 Germanias
578 2540 707 2586 ‹laeelsatun
728 2535 767 2581 sto

93 2611 185 2666 egesto,
201 2604 308 2666 quidquid
318 2607 437 2660 turbidum,
454 2606 512 2652 redit
519 2604 578 2651 Urbi
588 2619 629 2651 sua
637 2602 718 2655 torma,
733 2597 768 2642 10·

93 2683 192 2732 geaqne,
208 2677 232 2733 et
243 2671 320 2718 munia
330 2671 511 2733 magistratuum.

527 2736 574 2781 08
614 2740 616 2743 “
