1834 2900
104 123 205 173 noto.
237 121 485 174 msuonmnnm
495 123 573 172 Lml.
581 123 686 174 cisse.
743 130 775 175 ts

137 252 240 302 XXXI.
249 253 347 317 Dilapsis
354 256 535 318 speculatoribus,
540 261 623 302 cetera
629 255 716 309 cabors,
724 270 772 302 non

101 317 241 380 adspernata
259 322 434 376 concionantem,
452 328 479 366 ut
496 320 587 367 turbidis
605 321 671 366 rebus
687 321 769 375 ers-it,

99 381 166 430 forte
177 384 251 445 magis
261 391 284 430 et
294 385 356 432 nullo
363 385 687 445 adhucconsilio,pantsigns,
694 399 769 444 quam,

101 447 170 508 quod
190 455 266 509 postea
286 449 394 496 creditum
413 458 455 503 est,
471 448 558 495 insidiis
578 455 602 494 et
622 449 770 496 simulatione.

102 510 198 558 Missus
209 521 232 558 et
241 511 321 561 Celsus
328 513 416 561 Marius
426 515 455 560 ad
466 514 550 560 electos
557 509 640 572 lllyrici
651 513 769 568 exercitds,

103 573 218 636 Vipannii
227 577 250 623 in
260 579 348 640 porticu
360 578 485 626 tendentes.
519 576 659 637 Praeceptum
676 577 771 624 Amulio

103 638 194 687 Sereno
210 648 234 688 et
251 641 355 688 Domitio
370 644 459 696 Sabino,
475 641 652 704 primipilaribus,
668 649 694 688 ιιι
708 642 769 688 Ger·

100 704 207 752 manicos
222 707 305 754 milites
315 721 328 752 e
339 707 461 754 Libertatis
477 709 535 753 atrio
544 714 689 752 arcesserent.
721 703 769 752 Le·

100 769 168 832 gioni
186 769 285 818 classicae
301 770 446 826 diflidebatur,
463 771 552 818 infeste
566 771 595 816 ob
609 769 694 817 caedem
706 785 769 816 com·

100 834 239 888 militonum,
256 851 313 895 quos
330 837 402 896 primo
420 837 495 882 statim
510 835 603 882 introitu
620 834 769 882 trucidaverat

101 899 186 946 Galba.
218 897 322 962 Pergunt
335 902 401 947 etism
413 901 436 946 in
448 910 521 947 castra
531 900 715 962 pretorianorum
727 901 767 945 tri·

99 962 164 1018 buni,
189 960 270 1010 Ceritts
293 964 396 1019 Severus,
420 965 514 1012 Subrius
532 962 627 1017 Dexter,
644 963 768 1025 Pompeius

99 1026 239 1090 Longinam
256 1029 274 1074 si
285 1029 393 1091 incipiens
403 1028 482 1084 adhue,
489 1038 514 1076 et
522 1029 617 1078 necdum
627 1029 703 1075 adulta
713 1029 765 1074 sed·

100 1093 151 1145 itio,
174 1092 303 1140 melioribus
326 1094 423 1140 consiliis
446 1093 582 1141 flecteretur.
613 1092 764 1140 Tribocorum

101 1155 209 1203 Subrium
221 1164 243 1204 et
255 1155 348 1204 Cerium
362 1159 443 1205 milites
459 1158 529 1204 adorti
543 1158 617 1209 minis,
633 1156 765 1220 Longinum

98 1221 204 1267 manibus
215 1222 325 1277 onirocrit,
334 1231 493 1282 examantque
500 1239 508 1279 ;
515 1224 567 1284 quin
577 1237 623 1268 non
633 1223 711 1269 ordine
721 1223 765 1268 mi·

98 1285 164 1340 litiae,
182 1286 221 1332 sed
231 1303 244 1333 e
256 1287 336 1334 Galbae
347 1288 430 1342 amicis,
447 1286 505 1334 fidus
517 1287 612 1350 principi
626 1301 674 1340 suo,
691 1294 714 1333 et
725 1287 765 1335 de·

99 1350 247 1398 sciscentibus
269 1353 392 1420 suspectior
413 1359 468 1398 erat
499 1351 573 1414 Legio
594 1351 692 1405 classica,
710 1351 766 1398 nihil

98 1421 211 1469 cunctata,
228 1417 368 1477 pretorianis
383 1417 519 1480 adjungitur.
549 1415 634 1477 Illyrici
653 1416 766 1463 exercitiis

96 1480 167 1526 electi
186 1478 278 1527 Celsum
293 1482 387 1543 ingestis
397 1480 447 1543 pilis
457 1483 595 1543 proturbant.
628 1482 765 1529 Gemanica

98 1543 186 1591 vexilla
202 1544 238 1591 diu
255 1543 377 1603 ιιιιιιιιὲιες
394 1546 496 1593 invalidis
513 1547 585 1594 adbuc
601 1546 730 1607 corporibus
740 1554 764 1591 et

97 1609 193 1672 placatis
211 1610 297 1664 animis,
316 1611 376 1671 quod
392 1626 437 1666 eos,
459 1626 474 1657 s
491 1610 584 1658 Nerone
602 1610 764 1657 Alexandriam

98 1673 235 1735 praemissos,
259 1683 326 1736 atque
352 1675 404 1723 inde
431 1690 508 1723 rursus
528 1674 598 1738 longi
618 1674 764 1736 navigatione

97 1752 181 1800 aegros,
198 1739 228 1783 im
258 1741 332 1787 nsiore
342 1740 397 1787 curi
405 1740 479 1787 Galba
487 1739 610 1787 refovebat
784 1759 787 1763 ⁴

132 1801 224 1849 XXXI
238 1835 245 1850 .
261 1802 375 1852 Universa
385 1806 434 1867 jam
449 1804 511 1866 plebs
528 1804 638 1852 Palatium
650 1803 762 1865 implebat,

96 1867 176 1915 mixtis
185 1869 288 1923 servitiis,
304 1877 327 1915 et
339 1870 429 1916 dissono
446 1870 552 1927 clamore,
568 1870 653 1917 cadem
664 1868 762 1916 Othonis

96 1941 123 1979 et
139 1933 304 1993 conjuratorum
321 1934 414 1981 exitium
431 1936 578 1995 poscentium,
595 1941 621 1980 ut
633 1935 652 1980 si
665 1933 688 1979 in
700 1935 761 1980 circo

99 2012 126 2044 ac
136 1997 223 2043 theatro
234 1997 343 2045 ludicrum
359 1998 448 2058 aliquod
463 2000 614 2060 postularent:
633 2012 706 2057 neque
717 1998 761 2045 illis

92 2062 202 2124 judicium
214 2069 253 2108 aut
263 2064 359 2119 veritas3
376 2064 456 2127 quippe
473 2064 552 2109 eodem
567 2064 603 2108 die
615 2063 703 2108 diversa
712 2064 760 2122 pari

95 2127 218 2173 certamine
225 2127 383 2187 postulaturi;
401 2130 440 2174 sed
450 2128 532 2175 tradito
542 2142 611 2181 more,
628 2140 759 2186 quemcum-

98 2206 140 2251 que
154 2191 278 2252 principem
298 2192 406 2246 adulandi,
424 2191 515 2239 licentib
533 2192 715 2239 acclamationum
734 2202 759 2238 et

45 2274 48 2283 ι
96 2256 174 2305 studiis
181 2255 291 2303 inanibus.
307 2255 402 2303 Interim
415 2257 509 2304 Galbam
521 2258 572 2305 duae
583 2258 701 2304 sententie
712 2256 758 2303 dis·

97 2320 208 2376 tinebant3
226 2318 255 2366 T.
266 2318 355 2375 Vinius,
372 2322 509 2368 manendum
525 2323 585 2369 intra
601 2322 699 2374 domum,
716 2337 757 2385 op-

96 2384 198 2446 ponenda
209 2385 306 2439 servitia,
322 2386 442 2433 firmandos
458 2387 538 2441 aditus,
554 2402 602 2433 non
618 2387 716 2434 eundum
731 2386 760 2433 ad

96 2450 164 2497 iratos
182 2450 299 2497 censebat:
321 2451 384 2497 daret
403 2452 513 2497 malorum
531 2452 679 2512 poenitentiae,
696 2450 760 2495 daret

96 2512 204 2563 bonorum
222 2515 342 2563 consensui
361 2516 472 2577 spatium3
489 2516 574 2561 scelera
591 2515 685 2573 impetu,
700 2513 760 2557 bons

96 2576 187 2625 consilia
205 2576 269 2633 mort
287 2579 407 2627 valescere.
438 2578 548 2638 Denique
568 2576 636 2624 eundi
657 2575 723 2627 ultro,
740 2574 759 2616 st
