1834 2900
153 101 200 155 124
217 94 464 145 HlSTORlARUM
475 94 583 143 Lot-III.
592 94 732 160 (lew-111·
739 94 764 135 0·
771 100 820 153 ‚825-

153 224 231 273 Blaeso
248 226 391 274 emulatione
401 226 477 289 pravi,
493 226 621 288 quodeum‚
638 226 700 272 omni
710 225 821 273 dedecore

152 291 297 345 maculosum,
315 290 408 353 egregii
417 291 478 340 samri
488 293 591 346 anteibat,
609 290 737 337 cubiculum
747 291 820 352 irnpe-

154 356 233 401 ratoris
243 364 334 409 reserat,
343 354 413 403 tilium
425 358 474 418 ejus
485 358 535 403 sinu
546 356 682 418 complexus,
694 363 717 402 et
725 356 822 417 genibus

153 420 263 467 accidens.
289 418 536 468 Ceusam'conlusionis
545 421 662 481 quaerenti,
675 435 721 466 non
731 435 757 467 se
767 436 821 482 pro·

152 484 201 546 prio
213 493 281 541 metu,
299 501 340 532 nec
352 487 386 532 sui
398 487 497 540 anxium,
507 487 546 532 sed
556 502 597 547 pro
607 485 682 538 fratre,
693 500 734 545 pro
745 485 820 532 liberis

152 548 233 605 fratris,
250 565 328 612 preces
344 550 499 611 lacrymasque
513 551 621 597 attulisse
653 549 747 596 Frustra
759 549 819 596 Ver·

152 615 267 676 pasianum
279 616 358 670 timeri,
376 630 442 676 quem
453 623 488 662 tot
500 615 643 661 Gennanicoe
659 614 768 676 legiones,
785 621 820 661 tot

152 680 275 740 provinciae
292 681 375 732 virtute
389 696 414 727 nc
432 678 483 734 fide,
499 688 586 726 tantum
602 679 698 739 denique
709 687 820 726 terrarum

152 759 179 791 nc
193 746 260 791 maris
272 746 386 791 immensis
402 746 486 805 spatiis,
503 753 584 790 arceat.
615 742 644 789 In
657 742 721 789 Urbe
730 760 757 790 ac
768 745 820 789 sinu

153 810 277 856 cavendum
289 810 384 863 bostem,
401 808 483 857 Junioe
498 810 655 868 Antoniosque
665 824 721 854 aros
727 810 818 870 jectan·

153 879 205 929 tem,
218 875 255 934 qui
263 889 294 929 re,
304 874 372 936 stirpe
380 872 528 937 imperatorii,
537 888 625 921 comem
636 888 662 919 ac
673 873 820 935 magnificum

151 938 257 985 militibus
281 946 385 985 ostentet.
417 938 502 986 Versae
522 938 575 985 illuc
594 938 694 984 omnium
721 945 819 995 mentes.

151 1002 205 1049 dum
220 1002 333 1057 Vitellius,
350 1004 472 1049 amicorum
489 1004 675 1063 inimicorumque
691 1002 820 1065 negligens,

151 1064 228 1114 foveat
245 1068 358 1123 aemnlum,
379 1068 485 1129 principis
507 1069 593 1115 labores
610 1083 624 1113 e
641 1068 745 1113 convivio
763 1083 818 1129 pro·

152 1137 296 1193 spectantem.
305 1128 453 1179 Reddendum
465 1148 505 1195 pro
512 1131 754 1195 intempestivilaetitii
761 1147 820 1179 moe·

152 1203 208 1243 stam
221 1203 244 1242 et
253 1195 370 1244 funebrem
382 1206 477 1253 noctem,
495 1196 539 1257 qui
546 1197 601 1243 sciat
608 1204 632 1243 et
643 1196 731 1250 sentiat,
739 1198 818 1244 vivere

151 1258 276 1371 Xitellinm,
292 1270 315 1309 et
326 1262 441 1324 imperare,
457 1270 487 1318 et,
499 1263 518 1307 ai
529 1261 734 1324 quidfatoaccidat,
746 1261 818 1325 filiurn

168 1327 240 1373 abere.
299 1356 303 1361 =

184 1390 309 1438 XXXIX.
326 1391 455 1455 Trepidanti
473 1392 532 1438 inter
549 1392 621 1438 scelus
635 1399 771 1453 metumque,
788 1408 819 1439 ne
915 1421 916 1426 =

152 1456 220 1503 dilata
238 1456 308 1505 Blaesi
325 1474 385 1504 mors
401 1466 510 1504 maturam
528 1459 655 1520 perniciem,
671 1458 819 1520 palomjussa

152 1528 250 1567 atrocem
272 1524 385 1577 invidiam,
408 1522 484 1575 ferret,
500 1523 584 1583 placuit
603 1538 691 1569 veneno
712 1524 821 1583 gratari.

151 1585 245 1633 Addidit
253 1586 345 1635 iocineri
353 1587 418 1634 fidem
428 1587 495 1634 nobili
502 1588 592 1650 gaudio,
600 1586 702 1636 Blesum
709 1589 816 1636 visendo:

151 1651 205 1712 quin
214 1660 236 1698 et
244 1653 318 1699 audita
326 1660 361 1699 est
369 1653 493 1699 saevissime
504 1651 590 1699 Vitellii
601 1666 654 1706 vox,
665 1650 709 1712 qud
719 1666 744 1697 se
756 1653 819 1715 (ipsa
914 1640 915 1657 ³

151 1717 211 1762 enim
227 1718 294 1764 verba
304 1715 410 1776 referam)
423 1718 511 1778 pavisse
521 1717 604 1772 oeulos,
622 1715 722 1778 spectati
731 1717 820 1765 inimici

150 1790 230 1835 morte,
243 1783 345 1842 jactarit
378 1780 462 1836 Blaeso,
482 1797 549 1844 super
567 1781 689 1828 claritatem
709 1782 818 1829 natalium

151 1851 175 1890 et
185 1845 318 1906 elegantiam
331 1861 425 1901 morum,
443 1846 493 1893 fidei
504 1847 622 1893 obstinatio
633 1846 682 1892 fuit
715 1844 818 1910 Integris

151 1923 240 1970 quoque
258 1911 329 1965 rebus,
346 1926 359 1957 a
372 1909 465 1958 caecina
475 1917 499 1958 et
509 1912 641 1973 primoribus
652 1914 755 1974 partium,
766 1913 818 1973 jam

151 1969 268 2022 Vitellium
277 1975 467 2038 adspernantibus,
485 1977 587 2034 qmbitos,
603 1977 700 2022 abnuere
710 1992 818 2038 perseve-

150 2040 222 2086 tnrit:
242 2049 339 2094 sanctus,
356 2042 488 2093 inturbidus,
504 2039 586 2087 nullius
597 2042 706 2102 repentini
718 2042 819 2098 honoris,

150 2104 206 2152 adeo
222 2120 267 2152 non
282 2106 419 2168 principatus
433 2112 547 2170 appetens,
563 2120 641 2167 parum
653 2105 769 2167 effugerat,
788 2123 820 2155 ne

148 2168 230 2230 dignus
242 2173 375 2217 crederetur.

182 2232 237 2279 XL.
254 2233 335 2281 Fabius
353 2235 441 2282 interim
455 2234 548 2289 Valens.
564 2235 674 2281 multone
685 2235 747 2282 molli
758 2251 817 2284 con·

149 2297 277 2343 cubinsrum
294 2299 461 2360 spadonumque
477 2304 574 2362 agmine,
592 2300 684 2369 qegniut
699 2315 769 2360 quant
779 2303 819 2349 ,ed

147 2360 229 2406 bellum
246 2363 357 2418 incedens,
375 2365 484 2424 proditam
499 2363 620 2411 aLuciliot
629 2364 703 2410 Basso
719 2365 820 2413 lieven·

149 2430 224 2470 uatem
241 2425 343 2483 classem,
364 2428 489 2488 pernicibus
509 2429 593 2475 nuntiis
612 2430 704 2490 accepit.
737 2428 779 2486 Et,
797 2430 818 2478 si

148 2496 247 2548 eoeptum
267 2491 310 2536 iter
325 2490 474 2553 properisset
491 2501 607 2539 notantem
620 2491 736 2541 Caecinam
754 2511 818 2558 pre>-

147 2553 230 2607 venire,
247 2562 292 2610 aut,
310 2563 361 2602 ante
372 2556 491 2604 discrimen
502 2573 594 2619 pugnae,
611 2560 699 2620 assequi
710 2559 818 2621 legiones

115 2619 116 2626 ’
145 2618 262 2678 potuisset.
294 2618 345 2668 Neo
353 2621 451 2678 deerant,
464 2623 638 2687 quimonerent,
650 2632 677 2691 ut
686 2639 740 2672 cunt
750 2624 819 2690 lidisg
