1834 2900
154 122 200 167 138
219 112 467 165 HISTORIARUM
475 112 528 163 Lrs.
534 112 582 163 nt
591 113 649 164 Car.
658 116 734 161 6211.
741 116 767 156 c.
775 122 820 158 aas

155 247 197 293 lior
206 246 371 307 interpretatio:
391 246 470 293 mitem
480 246 553 292 virum
561 247 679 293 abbomere
689 246 833 307 asangnine

155 318 179 357 et
189 310 300 357 caedibus:
319 326 391 371 eoque
409 311 492 357 crebris
507 326 559 357 curn
570 310 664 357 Vitellio
681 311 821 357 sermonibus

155 376 184 421 de
191 390 252 436 pace,
269 376 422 437 ponendisque
431 391 472 437 per
481 376 631 423 conditionem
642 377 717 427 umis,
728 376 822 437 agitare.

156 440 222 501 Saepe
232 440 293 487 dorni
303 442 425 502 congressi,
441 448 555 502 postremo
565 441 589 487 in
600 442 649 487 rede
660 440 781 501 Apollinis,
792 447 818 486 ut

154 504 215 551 saara
232 504 282 560 fuit,
304 502 417 567 pepigdre.
450 504 527 552 Verba
545 521 655 565 vocesque
674 506 731 551 duos
742 509 819 551 'testes

154 569 269 624 habebant,
279 568 386 618 Cluvium
395 569 482 616 Rufum
490 579 514 617 et
522 570 601 617 Silium
611 568 721 617 Italicum
733 568 818 617 Vultus

153 635 232 697 procul
250 636 372 685 visentibus
392 636 538 682 notabantur:
559 634 646 682 Vitellii
664 636 777 696 projectus
796 641 819 680 at

154 700 266 761 deganan
277 700 370 749 Sabinus
380 716 426 747 non
437 700 553 756 insultans,
564 707 588 747 et
598 700 712 747 miseranti
723 700 819 761 propior.

186 763 280 811 LXVI.
298 764 366 819 Quod
377 766 395 813 si
407 773 451 811 tam
462 764 528 811 facile
539 779 630 812 suorum
640 773 729 811 mentes
739 763 817 810 flenda

154 836 190 876 set
200 827 314 885 Vitellius,
331 844 396 889 quam
407 831 454 892 ipse
465 837 568 884 cesserat,
579 831 719 877 incruentam
731 828 818 875 Urbem

154 893 288 956 Vespasiani
296 896 407 941 exercitus
415 892 526 941 intricant.
553 892 677 951 (interum,
689 904 715 940 ut
725 894 820 953 quieqru:

154 957 249 1005 Vrtellio
265 958 329 1012 lidus,
345 960 376 1005 ita
391 974 469 1021 paoem
488 965 511 1005 et
529 960 668 1007 conditiones
685 958 819 1012 abnuebant,

154 1023 272 1069 discrimen
283 1037 309 1069 ac
320 1022 415 1070 dedecus
426 1031 571 1078 emineres,
582 1030 606 1071 et
615 1023 682 1071 iidem
692 1024 716 1069 in
726 1022 820 1069 libidine

152 1087 251 1135 victoris.
283 1085 335 1133 Nec
345 1094 430 1135 tantam
441 1087 581 1151 Vespasiano
591 1089 723 1151 superbiam,
735 1094 762 1132 ut
771 1088 819 1149 pri·

153 1157 231 1197 vatum
243 1149 360 1198 Vitellium
368 1160 493 1213 pateretur:
508 1168 538 1200 ne
547 1154 619 1201 victos
626 1153 716 1214 quidem
724 1152 819 1199 laturos.

153 1213 191 1263 Ita
201 1216 324 1277 periculum
341 1230 371 1263 ex
385 1218 542 1265 misericordiis.
573 1216 652 1281 Ipsum
665 1232 720 1264 sane
730 1232 817 1273 senam

153 1286 177 1327 et
187 1282 298 1343 prosperis
306 1280 448 1342 adversisque
456 1285 567 1331 satiatum.
599 1283 645 1330 Sed
654 1282 716 1342 quod
726 1296 818 1337 nomen,

153 1359 220 1406 quern
240 1353 322 1393 statum
340 1345 387 1393 filio
405 1349 461 1409 ejus,
484 1348 628 1402 Germanico,
647 1346 713 1394 iore?
747 1346 819 1394 Nunc

153 1410 270 1472 pecuniam
282 1419 305 1458 et
315 1409 421 1458 familiam
432 1417 455 1458 et
464 1412 542 1461 beatos
552 1411 682 1475 cmprniae
693 1412 757 1460 sinus
764 1428 820 1474 pro-

153 1475 227 1522 mitti:
246 1476 291 1529 sed,
309 1477 345 1522 ubi
356 1476 472 1538 imperium
484 1476 636 1540 Vespasianus
645 1479 760 1532 invaserit,
771 1492 820 1526 non

154 1539 205 1602 ipsi,
222 1554 268 1586 non
282 1540 358 1587 amicis
374 1543 428 1604 ejus,
445 1556 491 1589 nnn
502 1543 598 1604 denique
606 1544 742 1590 exercitibus
752 1558 823 1590 necue

154 1605 250 1658 ritatem,
262 1605 303 1651 nisi
315 1607 426 1652 exstincto
437 1607 550 1662 aemulata,
561 1608 688 1656 redituram.
721 1607 818 1656 Fabium

153 1669 197 1717 illis
209 1668 335 1725 Valentem,
351 1672 464 1732 captivum
482 1679 506 1718 et
521 1673 608 1719 casibus
624 1673 697 1719 dubiis
713 1688 818 1720 reserva·

152 1741 207 1789 tum,
225 1750 364 1796 praegravem
376 1735 456 1782 luisse:
476 1736 558 1782 nedum
573 1736 663 1784 Primus
677 1753 704 1784 ac
719 1736 817 1792 Fuscus,

154 1806 178 1844 et
194 1799 305 1860 specimen
316 1800 411 1861 partium
423 1799 552 1855 Mucianus,
567 1802 634 1848 rdiam
648 1802 672 1848 in
688 1801 819 1860 Vitellium,

154 1863 197 1909 nisi
216 1863 336 1917 occidendi.
353 1863 466 1910 licentiam
484 1865 585 1912 babeant.
616 1865 671 1913 Non
690 1880 706 1913 a
726 1865 822 1914 Casan

154 1925 294 1988 Pompeium,
309 1943 357 1974 non
375 1929 403 1974 ab
422 1928 528 1990 Augusto
546 1930 671 1980 Autmrium
690 1932 827 1979 incolumes·

153 1993 256 2042 relictos:
277 1993 317 2040 nisi
333 1992 392 2040 forte
408 1992 561 2056 Vespasianus
571 1995 661 2042 altiores
671 1997 763 2057 spiritus
772 2012 818 2058 ge·

154 2066 195 2113 rat,
217 2057 302 2105 Vitellii
321 2059 397 2115 cliens,
420 2075 473 2106 erun
491 2057 596 2106 Vitellius
613 2060 702 2122 collega
721 2059 821 2110 Claudia

152 2121 218 2174 iuret·
251 2123 319 2178 Quin,
337 2132 363 2171 ut
373 2139 489 2173 censuram
499 2125 576 2186 patris,
586 2131 612 2171 ut
623 2132 669 2171 tres
678 2127 819 2182 consulatus,

153 2194 179 2234 ut
195 2195 229 2234 tot
243 2191 342 2249 egregie
353 2189 432 2235 domils
443 2191 541 2238 honores
550 2190 646 2244 deceret,
662 2189 822 2252 despemtime

152 2251 231 2300 adrem
250 2252 273 2296 in
290 2252 403 2302 audacem
418 2255 586 2315 accingeretur:
605 2263 705 2315 perstare
715 2255 821 2311 militem,

125 2361 131 2369 ,
152 2329 269 2374 superesse
277 2317 348 2362 studia
355 2317 438 2378 populi.
455 2316 563 2378 Denique
572 2319 735 2367 nibllatrocius
746 2335 820 2368 even·

152 2384 235 2431 turum,
247 2393 312 2436 quaro
324 2381 347 2426 iu
358 2382 419 2440 quod
429 2391 509 2442 sponte
519 2391 597 2431 ruant:
615 2385 756 2432 mon‘mdum
766 2386 821 2433 vic·

151 2441 188 2493 tis,
196 2441 336 2490 moriendum
344 2445 435 2490 deditis:
450 2446 473 2492 id
484 2447 557 2493 solum
567 2447 656 2503 rademe,
668 2450 830 2498 nosisdmum‘

152 2503 252 2565 spiritum
267 2521 306 2565 per
322 2507 439 2556 ludibrium
450 2522 474 2558 et
484 2513 630 2560 contumelias
646 2513 769 2572 effundant,
789 2531 823 2564 an

150 2583 191 2630 per
202 2569 315 2616 virtutem.

183 2631 292 2682 LXVII.
310 2635 390 2686 Surdae
404 2637 434 2686 ad
450 2637 518 2689 isrtis
533 2642 628 2692 consilis
637 2642 733 2694 Vrtelltc
742 2660 823 2696 sures.
