1834 2900
86 118 180 165 soro.
194 112 672 165 rarsrnnrnnuumsm.ess.ro.
712 119 759 165 ros
809 86 813 94 ’

90 254 131 301 ter,
148 248 176 294 de
187 247 287 294 exercitu
299 246 377 300 securi,
394 246 418 292 in
429 245 548 293 Vitellium
558 254 584 293 ut
594 247 686 301 inimici,
696 261 756 309 prae·

91 310 205 369 sumsere3
224 310 282 357 iactis
298 312 392 357 tribunis
410 312 621 373 centurionibusque
639 313 757 366 retinendi,

91 393 143 439 quae
154 376 262 424 Vitellius
269 376 404 430 indulsisset,
416 391 469 437 spe:
484 384 551 437 atque
557 378 630 437 ipsum
641 374 757 423 Caecinam

91 456 138 488 non
149 442 243 487 obscure
254 440 281 487 ad
291 442 446 487 transitionem
461 442 613 487 hortabantur.
645 440 758 488 Recitatae

93 522 134 581 pro
152 505 261 551 concione
278 504 377 567 epistoltn
392 502 497 551 addidere
506 504 618 559 fiduciam,
634 506 695 565 quod
704 507 758 552 sub·

91 571 162 617 misse
174 568 271 624 Caeoina,
287 571 350 617 velut
364 568 478 616 offendere
488 568 653 631 Vespasianum
668 571 758 624 timens,

93 637 191 697 ipsomm
203 634 271 681 duces
282 635 419 689 contemtim,
437 641 552 695 tamquam
568 634 702 680 inatiltantes
715 634 758 687 Vl·

90 701 161 755 tellio,
178 700 326 762 scripsissent.
775 704 780 718 “

125 764 158 811 Χ.
175 764 285 810 Adventu
303 763 383 811 deinde
399 762 494 811 duarum
510 764 633 825 legionm
650 778 664 809 e
680 763 759 825 quibos

92 831 182 877 tertiam
193 826 278 875 Dillius
289 828 429 889 Aponianus,
441 836 544 875 octavam
552 827 671 875 Numisius
680 826 759 889 Lupus

94 894 211 947 ducebant,
229 899 341 939 ostentare
356 894 421 947 vires,
439 900 463 938 et
473 893 563 939 militari
572 893 632 939 vallo
644 893 760 939 Veronam

94 957 233 1005 circumdare
243 957 332 1019 placuit.
364 956 435 1004 Forte
447 957 564 1005 Galbianae
580 958 663 1020 legioni
679 957 704 1005 in
720 958 760 1004 ad·

94 1022 161 1071 versd
169 1020 246 1068 fronte
256 1022 307 1069 valli
319 1036 375 1083 opus
386 1031 491 1077 cesserm,
508 1030 532 1069 et
545 1023 587 1069 risi
597 1022 675 1083 procul
686 1024 761 1070 socio-

95 1103 148 1135 rum
165 1088 256 1147 equites,
273 1100 355 1133 vananr
371 1086 522 1141 formidinem,
538 1094 564 1134 ut
580 1089 663 1143 hostes,
680 1086 762 1135 fecere.

96 1151 226 1213 Bapiuntur
236 1166 302 1206 arma,
320 1161 350 1205 et,
361 1159 387 1198 ut
397 1152 536 1212 proditionis,
547 1152 580 1198 ira
589 1153 686 1199 militum
696 1154 720 1199 in
730 1152 762 1202 Τ.
789 1204 793 1210 ,

96 1217 206 1277 Ampium
225 1215 357 1264 Flavianum
373 1217 480 1270 incubuit,
497 1217 560 1262 nullo
576 1218 676 1263 criminis
691 1232 760 1279 argu·

95 1288 189 1338 mentn3
206 1280 245 1327 sed
256 1282 305 1342 Jam
316 1281 402 1343 pridem
417 1282 513 1338 inrisus,
529 1282 616 1328 turbine
625 1281 723 1342 quodam
734 1283 763 1329 ad

95 1347 189 1395 exitium
199 1346 345 1408 poscebatur:
359 1346 508 1407 propinquum
521 1344 614 1400 Vitellii,
625 1346 762 1408 proditorem

98 1411 203 1466 Othonia,
220 1409 391 1474 interceptorem
411 1411 511 1458 donatiui
529 1411 679 1459 clamitabant.
712 1409 764 1460 Neo

97 1475 222 1524 defensioni
228 1476 298 1530 locus,
308 1491 441 1537 quamquem
450 1476 561 1556 supplices
567 1491 647 1523 manus
654 1476 763 1533 tenderet,

96 1541 162 1588 humi
179 1539 308 1601 plerumque
325 1549 413 1595 stratus,
430 1539 504 1588 lacera
518 1549 588 1594 veste,
604 1550 683 1602 pectus
696 1548 764 1617 atque

97 1619 139 1654 ora
146 1604 247 1668 singultu
258 1605 371 1665 quatiens:
391 1598 497 1682 idipsum
508 1606 567 1667 apud
576 1605 690 1652 infensos
684 1607 763 1652 incita-

96 1679 200 1718 mentum
217 1677 271 1723 erat,
287 1677 400 1730 tamquam
416 1671 500 1717 nimius
518 1685 587 1732 pavor
604 1671 764 1717 conscientiam

96 1742 210 1797 argueret
242 1733 406 1790 Obturbabatur
426 1734 524 1782 militum
542 1735 635 1781 vocibus
654 1735 765 1797 Aponius,

98 1814 152 1846 cum
173 1799 235 1860 loqui
253 1807 376 1860 coeptaretr
400 1798 492 1846 fremitu
510 1807 534 1846 et
552 1801 650 1846 clamore
670 1806 766 1849 caeteroa

99 1864 276 1925 adspernantur:
295 1865 334 1911 uni
352 1863 454 1911 Antonio
471 1872 556 1926 cpertae
571 1865 669 1913 militum
683 1880 763 1914 aures·

98 1942 198 1988 namque
208 1935 230 1975 et
240 1927 344 1976 facundia
351 1928 434 1984 aderat,
442 1929 598 1991 mulcendique
604 1931 699 1996 vulgum
708 1938 767 1978 artes

97 2001 123 2044 et
134 1992 343 2040 auctorisavit
354 1993 485 2040 crudescere
499 1994 585 2048 seditio,
601 2001 625 2041 et
635 2009 650 2040 n
659 1995 768 2042 conviciis

98 2065 123 2104 et
134 2058 222 2118 probris
232 2058 259 2104 ad
271 2057 315 2105 tela
326 2063 350 2104 et
360 2073 439 2104 mnnua
456 2059 608 2113 trandbant,
602 2057 662 2120 injici
677 2066 768 2106 catenas

99 2121 211 2170 Flaviano
217 2123 289 2184 jubet.
317 2123 393 2170 Senot
400 2123 519 2172 ludibrium
529 2122 607 2169 miles·
600 2122 768 2184 ‚disiectisqm

99 2188 140 2256 qui
152 2186 249 2234 tribuum
262 2187 387 2241 tuebantur,
406 2194 508 2234 extrema
517 2189 553 2234 vis
563 2157 688 2250 parlrbatur.
719 2187 768 2251 Op-

98 2237 177 2315 posuit
187 2251 261 2298 sinum
273 2251 394 2308 Antonius,
411 2253 489 2300 stricto
499 2251 565 2307 ferro,
582 2260 622 2301 aut
636 2252 733 2300 miiitum
744 2268 770 2302 se

88 2316 210 2370 ¹ommibus,
222 2323 266 2364 sut
282 2318 335 2371 suia,
352 2317 487 2370 moriturum
503 2310 633 2374 obtestans3
649 2324 676 2364 ut
689 2333 769 2378 quem·

99 2396 147 2442 que
163 2387 242 2428 notum
262 2387 285 2428 et
304 2382 378 2442 aliquo
395 2382 486 2429 militari
503 2382 605 2429 decore
599 2383 712 2442 insignem
728 2383 768 2428 ad·

99 2445 263 2507 sparsisset
281 2445 395 2494 ferendam
414 2462 481 2509 opem
498 2447 590 2494 nomine
607 2446 676 2492 ciens.
709 2445 771 2492 Mox

100 2524 227 2556 conversus
243 2510 271 2558 ad
289 2511 361 2572 signa,
378 2519 402 2558 et
420 2511 530 2558 bellorum
540 2511 604 2566 deos,
619 2509 718 2555 bostium
729 2523 771 2568 po-

99 2575 148 2622 tius
166 2575 300 2623 exercitibus
316 2575 379 2622 illurn
396 2574 503 2628 furorem,
519 2574 580 2620 illam
592 2572 725 2619 discordiam
736 2572 772 2615 in-

92 2640 204 2704 jicerent,
216 2640 304 2692 orabat:
323 2641 396 2700 donec
406 2639 520 2689 fatiscent
530 2637 619 2693 seditio,
630 2643 660 2691 et,
672 2641 775 2680 extremo

135 2717 191 2753 vob.
202 2717 240 2752 m·
568 2713 584 2748 b
