1834 2900
118 102 171 145 Lc-
180 108 212 151 71.
234 101 477 153 HISTORIARUM
487 102 702 155 LmIVAEmtw.
720 92 773 151 201'

150 228 285 279 LXXXII.
300 233 374 281 Altior
380 233 432 281 inde
442 233 579 297 Vespasiano
588 232 669 295 cupido
678 232 775 280 adeundi

116 307 201 343 sacrem
208 298 551 359 sedem,utsuperrebnsimperii
557 297 773 350 counderet,Aroerr

117 361 201 421 templo
219 369 311 409 cunctos
325 364 401 424 jubete
419 370 487 422 atque
499 364 613 423 ingressam
630 363 773 420 intentusque

116 424 210 479 numini,
225 426 322 487 respexit
339 441 398 486 pone
407 433 521 489 tergume
533 426 664 487 primoribus
678 424 771 486 AEgyp-

115 486 199 533 tiorum
216 490 305 537 nomine
322 488 449 546 Basiliden3
467 505 533 551 quem
549 489 626 551 procul
636 484 774 535 Alexandrih

117 551 213 611 plurium
224 553 308 599 dierum
319 554 397 601 itinere
404 562 427 601 et
437 569 500 616 aegro
510 567 603 615 corpore
612 552 704 598 detineri
714 550 773 597 hond

117 614 239 675 ignorabat.
276 616 424 665 Percontatur
445 618 576 672 sacerdotes,
604 631 658 662 num
676 615 715 660 illo
736 614 773 659 die
807 669 809 674 Ι

116 676 225 727 Basilides
235 683 342 744 templum
358 682 453 729 inisset?
468 688 611 745 percontatur
624 680 708 732 obvios,
719 691 774 724 num

115 742 139 788 in
147 744 199 805 urbe
210 746 271 793 visus
282 746 328 792 sit?
344 746 444 807 denique,
455 746 528 794 missis
538 745 654 806 equitilnrs,
666 742 774 803 explorat,

114 805 153 853 illo
168 810 274 871 temporis
291 818 404 857 momento
418 810 534 872 octoginta
550 809 647 856 millibus
666 819 773 869 passum

113 870 217 919 abluisse.
247 872 314 921 Tune
329 874 424 921 divium
439 876 536 937 speciem
546 881 569 919 et
579 874 625 920 vim
632 871 732 934 responsi
742 882 772 916 ex

114 935 206 981 nomine
216 935 321 984 Basilidis
329 938 484 1000 interpretatus
494 944 536 985 est.

148 997 297 1048 LXXXIII.
314 1001 385 1064 Origo
396 1004 430 1049 dei
441 1004 541 1050 nondum
554 1002 636 1049 nmtris
646 998 772 1047 auctoribus

115 1063 240 1121 celebrata;
256 1065 417 1129 AEgyptiorum
442 1067 552 1113 antistites
575 1066 607 1112 sic
631 1070 769 1111 memorant:

114 1125 240 1175 Ptolemaeo
250 1132 305 1191 regi,
314 1132 351 1191 qui
361 1130 512 1177 Macedonum
522 1130 606 1192 primus
613 1129 710 1191 AEgypti
717 1140 773 1189 opet

113 1188 216 1246 firmavit,
238 1208 288 1241 cum
310 1195 453 1243 Alexandriae
474 1209 551 1241 recens
572 1194 667 1241 conditae
687 1191 772 1238 maenis

112 1256 239 1317 templaque
249 1265 272 1304 et
283 1258 401 1321 religiones
407 1258 503 1314 adderet,
509 1258 614 1311 oblstum,
621 1256 771 1318 perquietem,

112 1319 193 1366 decore
203 1321 285 1368 eximio
296 1329 319 1368 et
329 1324 412 1384 majore
429 1337 496 1383 quam
514 1319 611 1368 hmani
620 1322 694 1383 specie
700 1321 769 1381 juve·
836 1352 840 1357 .

112 1398 172 1438 nem,
179 1386 216 1445 qui
223 1392 330 1440 moneret,
342 1394 374 1442 ut,
385 1385 496 1433 fidissimis
507 1386 627 1433 amicorum
637 1386 661 1430 in
669 1382 769 1430 Pontum

110 1448 194 1504 missis,
204 1450 301 1513 effigiem
313 1466 374 1497 suam
385 1451 480 1498 acciret:
498 1451 574 1498 laetarm
584 1450 607 1497 id
617 1465 694 1513 regno,
705 1463 770 1510 mag·

111 1527 210 1572 namque
224 1514 360 1574 etinclytam
372 1515 444 1562 sedem
455 1514 511 1570 fore,
525 1530 577 1576 quae
587 1515 723 1575 excepisset:
737 1513 774 1558 si·-

111 1575 162 1622 mul
177 1577 251 1622 visum
262 1579 363 1624 eumdem
369 1581 477 1642 juvenem
486 1580 511 1625 in
522 1579 603 1626 coelum
613 1580 667 1640 igne
675 1577 771 1639 plurimo

112 1639 193 1687 attolli.
227 1640 369 1696 Ptolemaeus,
388 1644 462 1691 omine
472 1651 496 1690 et
505 1644 611 1690 miraculo
628 1643 720 1695 excitus,
731 1655 767 1686 sa·

111 1705 238 1752 cerdotibus
248 1706 415 1768 AEgypu‘orum,
426 1708 506 1768 quihus
513 1723 563 1754 mos
572 1707 625 1755 talia
637 1705 769 1766 intelligere,

110 1776 234 1816 nocturnos
244 1771 305 1818 visua
321 1773 397 1834 aperit.
429 1772 505 1832 Atque
516 1772 560 1821 illis
570 1771 639 1819 Ponti
657 1776 680 1816 et
693 1776 768 1816 ester·

111 1847 193 1878 norum
209 1849 285 1896 parurn
303 1838 385 1897 gnaris,
401 1835 551 1890 Timotheum,
569 1835 737 1889 Atheniensem,
755 1846 770 1879 e

110 1903 181 1958 gente
197 1897 386 1960 Eumolpidarum,
403 1915 475 1960 quern,
492 1908 518 1946 ut
532 1901 652 1946 antistitem
666 1899 769 1946 caerinm-

111 1960 206 2015 niarum,
218 1961 325 2010 Eleusine
342 1965 459 2020 exciverat,
477 1979 578 2025 quaenam
588 1965 626 2010 illa
636 1961 770 2024 superstitio,

110 2024 173 2083 quod
188 2027 286 2072 numen?
302 2029 431 2090 interrogat
463 2026 601 2083 Timotheus,
617 2027 716 2086 quaesitis
731 2025 769 2084 qui

110 2087 136 2133 in
149 2087 247 2136 Pontum
258 2089 376 2148 meissent,
387 2093 511 2153 cognoscit,
521 2091 597 2137 urbem
609 2091 654 2136 illic
665 2089 770 2148 Sinopen,

112 2167 156 2197 nec
164 2154 240 2214 procul
250 2156 364 2216 templum,
375 2163 450 2202 vetere
461 2157 519 2202 inter
529 2155 615 2202 accolas
624 2150 690 2206 fami,
704 2151 769 2200 Jovis

110 2213 190 2262 Ditis:
216 2233 310 2281 namque
334 2229 358 2266 et
383 2220 512 2266 muliebrem
538 2219 634 2279 effigiem
659 2217 770 2273 assistere,

110 2294 179 2338 quam
190 2281 287 2342 plerique
299 2281 453 2344 Proserpinam
464 2289 551 2330 vocent.
571 2282 616 2328 Sed
626 2280 770 2333 Ptolemaeus,

110 2349 140 2389 ut
155 2353 207 2390 sunt
219 2345 309 2406 ingenia
325 2362 410 2408 regum,
428 2361 512 2409 pronus
527 2347 555 2392 ad
570 2344 716 2399 fonnidinem,
733 2345 770 2390 uhi

110 2407 219 2456 securitas
235 2410 305 2465 rediit,
324 2413 462 2472 voluptatum
473 2425 538 2470 quam
554 2409 686 2470 religionum
702 2422 770 2469 appe·

108 2477 171 2526 tens,
187 2472 301 2534 negligere
316 2476 427 2536 paulatim,
444 2473 540 2533 aliasque
555 2474 583 2519 ad
597 2487 661 2518 ouras
671 2472 770 2544 animum

108 2542 216 2591 vertere;
233 2537 304 2583 donec
319 2539 394 2586 eadem
412 2537 504 2599 species,
520 2535 724 2606 tmnbiliorJam·m
734 2546 769 2575 rn-

108 2599 213 2657 stantior,
226 2600 318 2650 exitium
335 2601 377 2664 ipsi
396 2615 510 2664 regnoque
520 2599 666 2652 denuntiaret,
676 2597 771 2654 mjmss
