1834 2900
102 100 682 173 s.c.r1.msrosrlsnuunv.co.rs
713 107 762 153 ns

99 230 202 293 glorium,
212 233 315 293 antiquas
325 242 470 295 recentesque
478 233 597 281 victoriam
610 240 636 280 ut
644 231 760 295 perfidum.

99 296 215 357 ignrrmn,
232 298 316 344 metum
337 299 471 352 hesternis
490 305 598 344 manum
614 298 757 345 exciderentz

100 360 186 407 ultione
200 362 279 423 magis,
295 377 361 421 quam
377 362 464 425 proelio,
479 376 537 424 opus
551 376 607 408 esse.
639 360 760 409 Pauciores

100 437 172 484 nuper
191 439 242 471 cum
258 426 356 487 pluribus
374 424 489 483 certisse3
505 432 604 473 numen
618 423 681 472 fusos
697 424 759 473 Ger·

99 501 188 542 manos,
202 489 269 549 quod·
279 491 362 537 roboris
378 490 452 537 luerit.
485 489 612 551 Superesse,
627 490 665 549 qui
680 487 759 550 fugam

101 551 188 607 amoris,
204 554 242 613 qui
252 552 344 603 vulnera
353 562 425 616 tergo,
436 554 516 601 lerant.
547 553 653 613 Proprios
659 552 711 598 inde
719 553 759 599 sti-¹

101 614 175 661 mulos
192 616 316 679 legionibus
335 620 474 673 admovebat,
495 619 616 665 domium
637 615 760 664 Britanniae

100 680 303 738 quartadecimanos
311 682 435 744 appellans:
455 683 577 744 principem
585 680 760 730 Gummoexte

99 742 196 804 legionis
209 745 342 797 auctoritate
351 746 447 793 luctum:
467 743 505 793 illi
514 746 610 808 primum
620 745 669 791 scie
679 757 759 790 secun·

98 806 169 854 danos
177 822 237 855 nors
247 808 312 871 signu
322 824 445 870 novamque
452 810 547 869 aquilam
554 810 674 856 ditaturos.
689 806 760 863 Hinc,

99 880 226 931 prtesectus
237 872 266 917 ad
277 872 435 919 Germanicum
445 874 575 926 exercitum,
590 887 671 919 manua
681 871 759 918 tende·
829 884 832 889 ·

99 936 144 990 bat,
161 943 187 982 ut
197 950 260 983 suurn
271 937 347 998 ripum,
355 944 488 991 ‚suscsstra
500 936 711 997 sanguinebostium
722 950 759 982 re·

99 1008 238 1061 cupersrent.
255 998 356 1047 Alacrior
363 1002 462 1047 onmium
470 1000 559 1054 clamor,
567 1000 616 1060 quis
623 1000 660 1047 vel
670 997 760 1061 elongi

99 1078 156 1125 poce
166 1064 239 1125 proelii
253 1065 338 1126 cupido,
355 1065 391 1112 rel
401 1064 466 1111 sessis
475 1064 533 1111 bello
543 1065 604 1126 pacis
613 1079 682 1119 umor,
698 1078 758 1125 prrs-

100 1128 190 1187 mlsque
200 1135 223 1174 et
231 1130 294 1189 quies
304 1130 327 1176 in
337 1135 450 1190 posterum
461 1129 611 1191 sperabantur·
718 1175 721 1180 .

134 1188 217 1239 xvu,
234 1192 284 1240 Nec
299 1191 378 1241 Civilis
388 1194 490 1241 silentem
500 1194 581 1239 struxit
590 1193 668 1248 eciem,
683 1192 758 1240 locum

98 1270 184 1319 puguae
195 1264 274 1304 testem
284 1258 373 1305 virtutis
383 1258 457 1305 ciens:
476 1264 536 1305 stare
551 1257 678 1304 Germanos
689 1255 759 1303 Buta-

96 1335 184 1381 vosque
190 1334 255 1383 super
261 1322 446 1385 vetigiaglcriae,
453 1322 638 1381 ciseroeosssque
644 1320 759 1381 Ιεςίοηιιιιι

96 1385 224 1433 calcantes:
243 1401 383 1448 quocumque
400 1386 477 1435 oculos
495 1385 612 1433 Romam
628 1384 759 1443 intenderet,

97 1449 258 1511 ouptivitutem
270 1450 402 1512 clademque,
413 1459 437 1498 et
446 1452 495 1498 diss
503 1452 579 1498 omnis
585 1451 703 1498 obversari.
719 1448 759 1497 Ne

97 1521 238 1562 terrerentur
243 1515 305 1561 ruric
319 1513 432 1562 Treverici
442 1516 515 1578 proelii
525 1523 621 1563 crentur
640 1529 703 1562 susm
713 1514 760 1561 illie

97 1578 218 1626 vinosum
238 1578 357 1626 Geminis
374 1580 490 1635 obstitisse,
512 1581 572 1635 dum.
595 1579 683 1626 omissis
700 1579 778 1633 telis‘

96 1639 178 1706 praedl
187 1657 266 1690 manus
276 1643 410 1705 impediunt:
424 1645 463 1692 aed
473 1652 554 1692 cuncta
561 1657 727 1704 moxprospers
736 1648 760 1689 et

98 1707 160 1754 hosti
177 1708 287 1754 contraris
302 1708 409 1756 evenisse.
441 1707 501 1762 Qsae
516 1707 626 1770 proridmi
636 1713 687 1752 astu
696 1705 760 1754 ducis

98 1771 230 1832 oportuerit,
245 1771 345 1832 provisa:
364 1787 454 1832 campos
467 1772 589 1825 medentes,
605 1778 628 1817 et
638 1770 759 1832 ipsisgns·

97 1850 153 1890 τοις
164 1834 254 1896 paludes
260 1836 360 1883 hostibus
367 1836 452 1882 noxias.
483 1835 589 1882 Rhenum
599 1840 622 1882 et
631 1834 761 1884 Germanice

99 1899 191 1946 densis
201 1899 320 1961 sdspectu3
337 1914 431 1960 quorum
444 1900 536 1946 numine
550 1907 690 1962 capesserent
699 1913 759 1960 pug-

97 1977 162 2016 narn,
178 1963 304 2026 conjugum,
320 1969 444 2023 parentum,
459 1964 678 2024 patriss‘memores:
696 1962 760 2008 illum

98 2026 161 2076 diem
176 2033 215 2072 aut
227 2027 410 2088 gloriorissimum
425 2027 483 2072 inter
496 2029 597 2088 majores,
613 2034 652 2073 sut
661 2026 760 2088 ignomi-

98 2091 190 2139 niosum
201 2091 258 2152 apud
268 2099 375 2152 posteros,
391 2089 446 2136 fore.
479 2089 524 2138 Ubi
533 2105 589 2137 sono
599 2103 710 2136 umorum
719 2089 760 2134 tri·

98 2155 217 2218 pudiisque
235 2155 277 2217 (ita
287 2155 330 2202 illis
340 2152 400 2214 mos)
416 2155 535 2216 approbata
549 2160 602 2203 suot
618 2153 683 2208 dicta
699 2154 760 2200 saxis

97 2219 262 2282 glandibusque
272 2225 295 2266 et
306 2219 392 2266 ceteris
402 2219 520 2266 missilibus
529 2218 633 2280 proeliurn
640 2217 758 2279 incipiturs
800 2270 802 2280 ¹

99 2297 175 2343 neque
185 2289 262 2330 nostro
273 2283 343 2330 milite
356 2283 457 2344 paludem
468 2283 612 2346 ingrediente,
629 2287 652 2328 et
663 2281 759 2330 Germa·

65 2394 70 2402 ,
97 2347 144 2402 nis,
161 2353 187 2393 ut
196 2346 307 2400 elicerent,
322 2346 487 2395 lacessentibus

134 2409 235 2458 XVllI.
248 2411 372 2465 Absumtis,
388 2426 439 2472 quse
455 2411 575 2473 jaciuntur,
592 2418 615 2460 et
632 2411 761 2458 ardescente

97 2473 187 2539 pugni,
195 2489 325 2537 procursum
335 2476 434 2522 abboste
443 2474 552 2522 infestius.
583 2473 702 2520 immensis
710 2488 761 2518 cor·

96 2539 192 2604 poribus
207 2545 231 2586 et
246 2539 367 2600 praelongis
382 2539 451 2586 hastis
466 2537 592 2584 fluitantem
609 2537 762 2591 labantemque

97 2604 197 2663 militem
204 2602 292 2652 eminus
300 2601 425 2650 fodiebant:
445 2601 512 2648 simul
521 2599 608 2656 emole,
618 2611 684 2660 quam
694 2595 761 2642 educ·
