1834 2900
151 120 185 162 so
233 109 480 160 nrs‘ronmnunr
493 108 572 182 neu
585 106 818 158 cn.se.u.c.m.

182 238 239 289 LII.
257 240 304 288 Sub
319 241 378 302 ipses
397 241 518 303 superioris
535 241 588 288 mni
605 239 657 286 Ksl.
673 237 815 286 Decembres

151 304 226 352 Aulus
244 304 356 360 Vitellius,
381 305 508 353 inferiorem
528 305 672 352 Germsniem
689 304 815 364 ingressus,

150 370 242 416 hiberus
251 370 366 432 legionum
374 385 425 417 cum
436 367 587 417 curiadierst.
603 368 694 415 Redditi
702 368 816 429 plerisque

149 434 244 489 ordines,
266 435 358 482 remisse
376 435 506 497 ignominia,
528 434 629 481 sllevetae
647 439 722 479 notae:
749 433 815 495 plum

150 499 276 553 ambitione,
287 500 389 560 quaedam
396 501 496 562 iudicio3
507 499 621 559 inquibus
629 497 718 544 sordem
725 504 751 542 et
758 511 813 542 sva-

149 564 223 610 ritism
243 563 331 610 Fonteii
351 563 475 626 Capitonis,
498 563 621 610 adimendis
640 561 813 623 assignandisve

148 627 235 674 militiae
245 629 364 684 ordinibus,
375 630 465 690 integre
474 635 606 675 mutauerat.
629 627 681 672 Nec
688 625 814 675 consularis

148 692 217 754 legati
235 690 345 748 mensurii,
363 694 441 740 sedin
459 686 531 756 magus
549 692 625 738 omnis
640 691 813 752 accipiebantur.

149 756 183 804 Et
201 756 307 804 Vitellius
324 758 381 818 apud
398 771 490 804 severos
506 757 603 802 humilis.
635 753 662 801 Id
681 756 813 801 comitatem

148 822 314 880 bonitatemque
331 821 433 867 faventes
455 822 572 875 vocabant,
587 820 647 880 quod
665 820 714 866 sine
735 819 812 872 modo,

149 888 198 932 sine
203 886 290 948 Judioio
299 885 392 932 donaret
403 901 449 938 sua,
459 885 578 946 largiretur
588 885 673 941 aliena3
685 884 753 930 simul
761 884 810 931 evi·

148 950 217 1002 ditate
228 949 356 1010 imperandi.
389 948 442 1010 Ipsa
453 950 507 996 vitia
516 964 558 1010 pro
568 949 686 995 virtutibus
701 949 812 1010 iuterpre-

148 1015 252 1060 tsbantur
270 1013 335 1059 multi
354 1015 377 1059 in
397 1020 492 1074 utroque
510 1013 615 1065 exercitu
638 1013 697 1058 sicut
714 1011 811 1058 modesti

147 1078 268 1138 quietique,
284 1078 316 1124 ita
326 1079 379 1124 meli
389 1086 413 1124 et
427 1078 518 1126 streuui.
551 1077 597 1123 Sed
607 1075 698 1138 profusi
707 1076 813 1138 cupidine

149 1151 173 1188 et
190 1142 273 1204 insigni
290 1143 415 1189 temeritate
431 1143 500 1204 legati
510 1141 631 1202 legionum,
649 1141 745 1188 Alienus
756 1139 812 1189 css-

148 1207 199 1253 eine
217 1214 240 1252 et
255 1205 337 1254 Fabius
353 1206 454 1264 Velens;
471 1222 485 1252 e
503 1207 583 1266 quibus
599 1204 692 1261 Valens,
708 1205 811 1253 intensus

148 1271 235 1324 Gutus,
258 1279 370 1332 tamquam
389 1272 500 1318 detectam
519 1286 533 1316 e
551 1285 575 1316 se
594 1270 698 1331 Verginii
716 1277 809 1318 cunm

148 1336 240 1388 tionem,
256 1351 361 1396 oppresse
372 1334 490 1397 Capitonis
500 1335 593 1382 cunulis
608 1334 697 1395 ingrate
713 1334 810 1392 tulisset,

148 1400 255 1462 instigare
266 1399 390 1455 Vitellium,
407 1400 508 1450 ardorem
519 1398 614 1445 militum
625 1405 750 1446 ostentans.
772 1397 812 1461 Ip-

149 1480 199 1511 sum
210 1465 290 1511 celebri
302 1466 381 1526 ubique
388 1462 461 1511 semis
480 1464 564 1511 nullam
574 1464 598 1510 in
609 1462 693 1511 Flacco
703 1463 812 1511 Hordeo-

150 1529 188 1576 nio
206 1543 306 1575 morem:
325 1529 402 1577 ediore
417 1528 572 1576 Britannismz
592 1535 695 1575 secutura
712 1529 811 1576 Genne-

150 1608 231 1639 norum
251 1594 344 1641 auxilie:
372 1594 431 1641 mele
448 1593 505 1641 tides
521 1594 662 1655 provinciam
687 1594 813 1655 precarium

146 1658 328 1719 semimasculum,
340 1665 363 1706 et
373 1659 435 1706 brevi
447 1660 607 1706 transiturum:
625 1658 733 1721 panderet
743 1658 812 1705 modo

148 1722 229 1779 sinum,
246 1731 269 1770 et
277 1724 375 1771 venienti
386 1722 495 1771 Fortunae
505 1730 639 1771 occurreret.
672 1722 759 1770 Merito
767 1724 811 1769 du-

146 1785 229 1862 bitisse
249 1786 392 1849 Verginium,
409 1789 508 1849 equestri
526 1786 616 1856 (emilii,
632 1788 712 1849 ignoto
730 1794 810 1865 putres

147 1859 671 1977 bittit'itittrittlttdim
680 1860 812 1978 {iiiiii

148 1977 253 2035 Caeseris,
275 1982 390 2044 imponere
412 1982 547 2044 jampridem
568 1980 706 2042 imperatoris
727 1981 809 2042 digna-

145 2046 237 2101 tionem,
249 2046 336 2094 auferre
346 2046 427 2109 priuati
437 2048 586 2093 securitatem.
614 2043 762 2099 Qumtiebetur
773 2046 811 2091 bis

146 2125 217 2172 segne
234 2112 358 2174 ingenium,
375 2120 399 2158 ut
419 2112 586 2174 concupisceret
601 2109 681 2171 magis,
698 2123 765 2169 quem
785 2117 812 2155 ut

147 2189 159 2221 s
176 2183 255 2223 eruret.

160 2190 251 2286 Ι)Ι;ΙΙΙ,
268 2240 302 2287 At
312 2240 336 2287 in
348 2240 463 2303 superiore
473 2240 602 2293 Germanis,
619 2235 718 2292 Caeciua
730 2235 813 2285 uecors

142 2302 246 2365 juventi,
262 2320 354 2366 corpore
362 2305 449 2367 ingens,
466 2306 533 2351 enimi
545 2303 683 2357 immodicus.
695 2303 752 2349 scito
764 2317 812 2349 ser·

148 2380 221 2421 mone,
230 2374 305 2414 erecto
315 2372 412 2425 incessu,
425 2369 498 2415 studis
507 2368 603 2413 militum
613 2367 723 2413 illexerat.
740 2365 813 2413 Hunc

143 2430 251 2492 juvenem
272 2432 350 2485 Gelba,
366 2441 501 2493 questorem
519 2432 543 2477 in
560 2429 658 2487 Renes,
673 2431 770 2491 impigre
788 2430 813 2477 in

147 2499 221 2554 peries
239 2510 290 2541 sues
310 2504 480 2555 transgressum,
497 2495 580 2556 legioni
601 2495 738 2556 preposuit:
757 2509 814 2542 mox

145 2565 286 2617 compertum
297 2560 407 2619 publicam
419 2560 536 2620 pecuuism
547 2558 661 2614 evertisse,
678 2565 704 2604 ut
719 2560 812 2620 pecula-

146 2626 227 2679 torem,
244 2620 340 2685 flagitari
353 2623 428 2687 jussit.
462 2621 561 2677 Cetius,
578 2636 641 2682 ²8¹0
654 2637 741 2685 iiim»
758 2624 814 2684 mli·
916 2694 917 2699 ,
