1834 2900
146 102 176 146 ιε
212 94 805 146 fflsTORIAnUMLnLcar.m.1J-c.aas
846 65 852 82 '

145 226 203 288 apud
220 227 321 288 singulos
339 227 437 288 praemiis
455 227 600 284 intendebat3
617 225 675 273 adeo
690 225 807 272 animosus

145 299 268 352 corruptor,
283 298 308 338 ut
320 289 416 338 Cocceio
429 290 533 342 Proculo.
544 291 684 352 speculatori,
698 291 727 336 de
741 297 806 352 parte

144 354 222 402 linium
229 357 282 402 'oum
289 356 363 402 vicino
371 357 499 418 ambigenti,
506 356 635 403 universum
641 355 708 402 vicini
715 369 806 416 agrum,

144 418 186 466 aab
198 420 299 481 -pecunib
317 427 409 475 emtum,
426 423 486 468 dono
502 420 602 478 dederim
621 435 661 482 per
678 419 804 466 socordiam

143 483 250 545 praeiecti,
261 501 326 546 quem
336 494 390 532 uota
400 487 482 546 pariter
492 492 516 532 et
525 485 614 532 occulta
622 485 734 531 fallebant
783 526 789 532 .

176 548 259 594 XXV.
275 550 320 596 Sed
330 561 377 598 tum
388 566 402 597 e
412 551 496 596 libertis
507 549 656 596 Onomastum
665 549 742 596 futuro
752 563 805 595 ace·

141 612 189 660 leri
197 613 304 675 pracfecit,
320 631 333 662 a
347 631 391 675 qno
403 614 509 661 Barbium
520 613 650 668 Proculum,
661 613 803 660 tesserarium

142 679 314 740 speculatorum,
322 687 345 725 et
351 679 478 732 Veturium,
485 680 598 741 optionem
606 679 742 732 eorumdem,
751 693 803 739 per·

142 743 227 798 ductos,
239 751 356 805 postquam
371 745 433 790 vario
448 758 551 790 sermone
562 744 653 790 callidos
663 743 803 802 audacesque

141 809 256 869 cognovit,
267 809 338 868 pretio
349 815 372 854 et
382 809 497 870 promissIs
512 814 597 862 onerat,
607 806 659 854 dati
668 806 763 868 pecunia
773 807 803 854 ad

140 871 299 934 pertentandos
309 872 404 934 plurium
415 873 509 919 animos.
541 869 664 933 Suscepire
674 872 719 919 duo
729 871 791 918 mani
800 901 805 909 ·

142 937 354 998 pularesimperium
362 953 413 999 pop.
420 937 488 983 Rom.
495 936 684 991 mansfereurium
695 944 719 982 et
727 944 801 984 trans.-

142 1003 248 1048 tulerunt
280 999 308 1047 In
327 1003 486 1048 conscientiam
502 1001 607 1047 facinoris
624 1002 688 1062 pauci
705 1001 797 1047 adsciti:

196 1164 201 1176 ·
437 1162 443 1184 r

141 1203 257 1306 litii:
263 1195 801 1320 iiiiiiftffii‘itzit‘uiitiiiti

141 1323 273 1372 desiderium
285 1325 364 1387 prioris
373 1325 469 1371 licentiae
483 1326 626 1370 accenderet:
645 1325 669 1370 iu
680 1338 800 1370 commune

140 1403 220 1435 omues
230 1398 291 1436 metu
302 1390 414 1436 mutandae
424 1390 511 1435 militiae
521 1389 665 1439 terrebantur.
776 1425 781 1437 .

174 1452 269 1501 XXVI.
286 1453 369 1501 Infecit
378 1470 404 1502 ea
415 1457 476 1501 tabes
483 1455 598 1516 legionum
605 1469 694 1515 quoque
704 1459 728 1499 et
735 1453 801 1502 anxir

139 1518 221 1573 liorum
231 1528 304 1565 motas
313 1522 361 1581 jam
377 1526 470 1573 mamea,
481 1523 597 1580 postquam
612 1519 729 1581 vulgatum
744 1527 799 1574 erat.

139 1582 360 1631 labareGermauici
381 1584 492 1631 exercitlls
510 1583 589 1630 iidem:
608 1584 708 1643 adeoque
723 1592 801 1645 parata

140 1648 198 1707 apud
209 1648 279 1695 malos
290 1649 375 1703 seditio,
386 1651 452 1697 etiam
468 1649 526 1711 apud
539 1648 642 1710 integros
652 1648 808 1710 dissimulatio,

138 1709 187 1767 fuit
199 1721 225 1758 ut
234 1721 323 1775 postero
333 1712 416 1761 ,Iduum
431 1715 467 1760 die
483 1714 613 1760 redeuntem
623 1728 637 1759 a
648 1710 714 1759 cena
724 1712 799 1761 ouo·

140 1790 191 1822 nem
204 1778 286 1838 rapturi
296 1778 385 1832 fuerint,
398 1780 440 1825 nisi
451 1780 541 1825 incerta.
550 1779 630 1831 noctis,
640 1784 664 1823 et
678 1775 726 1823 tobia
735 1774 800 1825 Urbe

138 1854 214 1901 sparsa
229 1842 324 1888 militum
341 1852 418 1898 castra,
430 1858 472 1891 neo
486 1841 575 1891 facilem
591 1844 650 1889 inter
665 1841 801 1890 temulentos

139 1919 279 1960 consensum,
295 1908 433 1965 timuissent;
451 1923 497 1955 uon
511 1906 638 1967 reipublicae
653 1903 716 1963 curri,
732 1922 800 1966 quam

138 1966 223 2017 Ioedare
233 1972 338 2033 principis
346 1972 380 2019 sui
389 1974 500 2034 sanguiue
505 1972 573 2018 sobrii
583 1972 703 2033 parabaut3
720 1972 759 2017 sed
769 1988 800 2019 ue
882 1992 885 1996 ·

138 2048 179 2095 per
198 2036 305 2089 tenebras,
321 2038 456 2098 utquisque
473 2036 599 2084 Pannonici
614 2036 651 2081 vel
668 2036 799 2082 Germanici

138 2100 250 2147 exercitis
264 2101 370 2147 militibus
382 2102 468 2147 oblatus
480 2110 545 2156 esset,
556 2101 710 2161 ignorantibus
720 2100 801 2159 pleris-

137 2178 188 2223 que,
208 2180 249 2225 pro
269 2164 360 2211 Othone
378 2165 534 2212 destinaretur.
566 2164 643 2211 Multa
660 2166 798 2225 emmpeutia

137 2228 251 2275 seditionis
272 2229 353 2275 indicia
373 2244 413 2290 per
434 2232 536 2277 conscios
553 2244 673 2291 oppressu
696 2230 800 2289 quaedam

136 2293 194 2353 apud
212 2293 292 2340 Galbae
314 2308 378 2341 aures
397 2294 516 2355 praefectus
535 2292 597 2341 laaco
615 2294 689 2348 elusit,
706 2295 799 2354 ignarus

136 2356 264 2403 militarium
282 2358 413 2412 animorum,
433 2360 565 2419 consiliique
582 2358 685 2417 quamvis
704 2359 801 2421 egregii,

135 2421 195 2478 quod
209 2436 254 2467 non
270 2422 318 2483 ipse
333 2422 427 2478 afferret,
443 2424 553 2477 iuimicus,
564 2430 587 2468 et
598 2422 705 2469 adversus
714 2424 801 2484 peritos

135 2498 247 2543 pervicax.

166 2546 275 2595 XXVII.
300 2549 391 2597 XVIII
409 2549 461 2596 Kal.
474 2549 539 2597 Febr.
553 2548 686 2600 sacrificanti
697 2566 738 2611 pro
749 2552 802 2599 aede
832 2581 835 2586 <

133 2609 247 2671 Apollinis
259 2614 339 2661 Galbae
351 2616 462 2675 haruspex
474 2614 604 2661 Umbricius
619 2615 692 2661 tristia
707 2622 761 2663 esu
775 2624 801 2665 et
