1834 2900
89 111 193 155 sero.
219 104 465 157 HISTORIARUM
476 106 672 157 Luhcnss
731 112 765 159 45

90 238 248 289 coustantium
259 238 369 292 simulsre,
386 238 453 285 modo
463 236 581 286 formidine
598 239 680 301 detegi,
696 237 764 287 simui

10 336 11 339 ,
92 301 198 348 Othonis
215 302 303 349 vultum
320 304 415 350 intueri:
435 310 504 361 utque
514 303 595 357 evenit,
611 304 723 351 inclinetis
733 304 763 351 sd

85 367 250 425 ¹suspicionem
262 367 380 423 ruentibus,
396 382 447 414 cum
458 368 547 413 timeret
557 366 625 421 Otho,
636 369 762 415 timebatur.

94 430 143 477 Sed
155 432 217 477 haud
228 446 293 477 secus
303 432 429 479 discrimine
435 432 532 485 sensttls,
540 448 605 493 quam
614 447 655 479 suo
663 434 764 490 territus,

93 506 118 541 et
129 495 255 557 praetectos
267 496 365 557 pretorii
375 496 404 543 sd
413 494 547 558 mitigsndss
557 497 652 543 militum
663 497 708 545 ires
718 506 763 545 stsr

93 560 137 605 tim
147 560 248 613 miserat,
256 568 280 606 et
289 560 349 607 abire
358 575 451 631 propere
462 576 541 607 ornnes
551 576 564 607 e
575 562 679 607 convivio
686 562 763 623 jussit.

89 622 161 671 Tum
179 640 235 671 vero
252 625 334 687 pessim
351 626 501 686 magistratus,
517 626 622 686 projectis
631 626 763 687 insignibus,

95 687 170 735 vitati
188 690 296 735 comitum
307 696 331 735 et
341 704 455 737 sevorum
466 686 599 749 frequentii,
616 704 681 736 senes
698 689 764 737 temi-

96 768 189 813 naeque,
207 769 247 815 per
262 754 369 809 tenebras,
386 754 474 801 diverse
485 753 554 801 Urbis
567 754 654 809 itinere,
671 754 713 800 rsri
724 754 766 800 do·

97 833 158 873 mos,
174 818 265 879 plurimi
277 819 397 865 amicorum
408 826 476 875 tectu,
492 827 521 872 et,
538 827 564 865 ut
574 819 655 879 cuique
665 818 765 867 humilli-

97 898 151 929 mus
162 884 242 938 cliens,
259 882 458 929 incertus-latebras
468 880 573 944 petivere.

133 944 272 993 LXXXII.
288 946 389 995 Militum
411 948 507 1009 impetus
525 962 553 994 ne
570 946 655 996 foribus
675 948 765 1009 quidem
821 946 827 967 ¹

89 1010 184 1059 ¹Palatii
196 1012 311 1067 coiircitus,
328 1013 456 1074 quominus
471 1013 599 1059 convivium
610 1013 764 1074 irrumperent,

100 1077 192 1123 ostendi
204 1077 243 1122 sibi
254 1075 367 1125 Othonem
378 1076 558 1139 expostulantes:
577 1077 692 1125 vulnersto
703 1077 766 1126 Julio

102 1140 219 1194 Martiale,
242 1142 336 1197 tribuno,
359 1149 382 1189 st
401 1140 494 1188 Vitellio
516 1140 643 1196 Ssturnino,
659 1142 766 1203 prefecto

102 1205 208 1267 legionis,
218 1206 271 1253 dum
282 1207 396 1253 ruentibus
406 1206 524 1253 obsistunt
558 1205 664 1267 Undique
674 1222 735 1257 srms
742 1215 766 1253 et

102 1272 179 1323 minse,
197 1271 264 1317 modo
282 1272 306 1316 in
324 1272 466 1318 centuriones
486 1272 636 1331 trilssnosque,
652 1272 720 1317 modo
741 1272 766 1318 in

97 1343 206 1383 ‚senatum
222 1337 363 1382 universum:
382 1334 503 1397 lymphatis
512 1350 573 1382 caeco
583 1350 666 1396 psvore
679 1336 767 1392 snimis,

103 1407 133 1454 et,
150 1400 203 1462 quis
220 1401 332 1448 neminem
350 1414 419 1451 unum
434 1400 545 1448 destinsre
561 1400 601 1448 irre
611 1407 720 1462 poterunt,
738 1400 765 1446 li·

104 1466 201 1512 centium
219 1466 242 1512 in
258 1480 337 1512 omnes
346 1465 501 1528 poscentibus:
521 1465 591 1512 donec
603 1465 671 1519 Otho,
688 1473 767 1512 contro

105 1529 175 1576 decus
193 1531 352 1590 imperitum
370 1531 482 1583 insistens,
497 1531 599 1592 precibus
617 1537 640 1578 et
660 1531 768 1591 lucrymis

100 1609 168 1655 ‚egre
179 1594 290 1640 cohibuit=
311 1595 466 1654 redieruntque
482 1595 506 1640 in
522 1601 595 1642 esstrs
605 1595 676 1649 inviti,
692 1609 766 1655 neque

104 1660 243 1706 innoeentes.
275 1657 369 1706 Posteri
386 1659 428 1712 die,
445 1659 507 1704 velut
524 1657 589 1720 cepti
600 1658 669 1714 Urbe,
686 1659 769 1706 clsussr

105 1724 200 1770 murus:
219 1737 282 1770 rsrus
296 1739 336 1785 per
353 1724 402 1770 viss
417 1725 527 1784 populus3
543 1731 625 1770 moests
635 1723 710 1786 plebs3
728 1723 768 1770 de·

100 1789 155 1850 jetti
165 1789 191 1833 in
201 1795 282 1835 terrem
293 1789 388 1836 militurn
399 1788 481 1843 vultus,
492 1788 576 1850 sepius
586 1789 689 1842 tristitiae,
700 1803 768 1848 quem

106 1853 251 1914 poenitentiae.
268 1852 333 1900 Meni
349 1853 425 1899 ulstirn
437 1853 526 1900 ullocuti
537 1860 592 1899 sunt
600 1852 702 1901 Licinius
709 1853 767 1900 Pro·

106 1919 170 1964 culus
187 1924 210 1963 et
230 1916 317 1964 Plotius
356 1932 432 1972 irmus,
448 1917 554 1980 praesecti,
571 1933 600 1964 ex
615 1933 657 1965 suo
673 1919 768 1980 quisque

106 1982 198 2044 ingenio
209 1982 285 2030 mitius
296 1989 334 2029 sut
345 1982 461 2028 horridius.
494 1982 557 2029 Finis
571 1983 681 2030 sermonis
696 1984 718 2028 in
730 1999 768 2040 eo,

107 2054 132 2094 ut
150 2047 218 2108 quina
235 2046 303 2092 millis
313 2046 429 2092 nummum
441 2047 537 2108 singulis
546 2047 652 2094 militibus
663 2062 767 2094 numeru·

101 2120 190 2158 mutui.
213 2109 274 2158 Tum
286 2111 348 2159 Otho
358 2111 444 2173 ingredi
455 2118 528 2158 cestro
537 2126 616 2158 susus:
631 2111 767 2171 atqueillum

104 2177 187 2223 tribuni
198 2177 383 2237 centurionesque
394 2176 567 2229 circumsistunt,
582 2177 673 2238 abjectis
683 2177 769 2224 militiae

106 2241 238 2304 insignibus,
255 2241 324 2288 otium
336 2248 359 2287 et
370 2241 464 2288 salutem
474 2241 609 2302 flagitantes.
642 2241 718 2289 Sensit
731 2244 767 2287 in·

101 2306 188 2352 ¹vidium
199 2305 271 2360 miles,
287 2312 310 2351 et
321 2307 456 2367 compositus
473 2306 497 2352 in
514 2306 651 2365 obsequium,
666 2313 769 2353 suctores

108 2369 223 2418 seditionis
233 2370 261 2420 sd
272 2370 403 2432 supplicium
415 2370 475 2416 ultro
485 2369 617 2430 postulabat.
714 2428 716 2433 Ι

139 2432 288 2482 LXXXIIL
305 2433 374 2489 Otho,
390 2449 524 2496 quemqusm
546 2434 638 2480 turbidis
659 2434 725 2480 rebus
745 2440 770 2478 et

109 2499 201 2546 diversis
212 2499 306 2546 militurn
318 2500 404 2552 snimis,
421 2513 473 2546 cum
484 2499 581 2559 optimus
591 2499 685 2557 quisque
696 2511 769 2542 reme·

109 2565 168 2613 dium
184 2565 301 2624 presentis
315 2565 412 2610 licentias
420 2570 522 2625 posceret
527 2579 535 2618 3
553 2563 641 2622 vulgus,
653 2569 676 2604 et
686 2560 768 2619 plures

109 2628 251 2680 seditionibus
265 2636 289 2678 et
304 2629 420 2680 ambitioso
437 2627 531 2690 imperio
540 2627 595 2681 laeti,
610 2639 650 2686 per
660 2623 736 2670 turbat
746 2626 771 2664 ei
