1834 2900
104 130 160 176 Le..
170 136 204 178 70.
227 126 596 179 HISTORIARUMLinIII.
608 128 715 180 Cim.
733 135 779 181 115

112 276 191 308 mcum
211 259 355 307 attulissent?
373 262 490 323 rogitabat
522 260 562 315 Et,
580 276 631 309 cum
648 263 778 319 abnuerent,

113 332 128 355 ‘⁴
137 324 281 380 Gladiisne,”
292 326 372 386 inquit,
383 332 429 373 “et
439 326 490 388 pilis
496 326 667 388 perfringereac
674 329 781 377 subruere

111 406 192 437 muros
204 390 255 436 ullae
265 404 345 437 manus
356 391 468 451 possunt?
501 392 525 438 Si
536 406 644 453 aggerem
655 399 747 447 struere,
759 396 778 440 si

89 494 94 500 .
110 455 197 517 pluteis
211 455 335 502 cratibusve
351 456 438 517 protegi
456 470 550 503 neeesse
563 456 640 514 suerit,
656 464 682 503 ut
695 458 779 521 vulgus

111 520 271 581 improvidum,
287 520 343 566 irriti
359 521 474 574 stabimus,
492 520 631 567 altitudinem
642 522 780 578 turrium‘et

113 585 187 631 aliena
197 586 335 631 munimenta
342 584 463 633 mirantes?
481 584 544 639 Quin
552 586 626 647 potius
633 584 697 632 mori
707 588 792 635 noetis.

113 650 187 705 unius,
197 650 295 697 advectis
303 650 421 696 tormentis
429 651 588 710 machinisque,
596 652 643 696 vim
650 651 779 697 victoriam·

113 730 159 775 que
176 715 292 761 nobiscum
309 712 436 762 serimus?”
472 715 545 761 Simul
563 716 621 762 lim
639 715 779 775 calonesque,

113 795 166 827 curn
178 780 338 826 recentissimis
348 780 454 839 equitum,
466 778 600 827 Bedriacum
611 780 686 836 mittit,
699 782 780 842 copias,

114 851 244 903 caeteraque
255 844 305 890 usui
316 844 428 891 allaturos.
440 885 442 891 ,

148 906 223 955 XXI.
239 906 268 955 Id
280 924 337 955 ,vero
354 924 417 971 aegre
427 909 537 956 tolerante
547 910 624 965 milite,
640 923 710 973 prope
721 910 796 957 sedi·-

115 976 202 1021 tionem
225 980 325 1029 rentum,
350 989 401 1021 curn
423 974 536 1036 progressi
557 976 642 1036 equites
671 977 712 1023 sub
732 977 782 1039 ipsa

114 1040 206 1093 moenia,
218 1053 288 1100 vagos
296 1053 325 1085 ex
337 1037 526 1087 Cremonensibus
536 1042 674 1103 corripiunt;
684 1056 781 1103 quornm
791 1065 794 1070 ·

116 1103 201 1149 IndIcio
218 1104 322 1158 noscitur,
341 1118 381 1150 sex
391 1103 525 1151 Vitellianas
533 1104 635 1168 legiones
646 1121 782 1168 omnemque

117 1168 248 1223 exercitum,
264 1168 302 1229 qui
318 1168 426 1216 Hostiliae
438 1177 522 1231 egerat,
539 1186 566 1216 eo
582 1170 632 1232 ipso
643 1171 679 1217 dle
688 1172 782 1233 triginta

117 1233 188 1279 millia
195 1247 300 1293 passuum
311 1248 435 1289 emensum,
452 1232 566 1296 comperti
576 1250 667 1281 suorum
678 1236 746 1290 clade,
757 1237 782 1281 ia

115 1298 221 1361 proelium
232 1298 327 1359 accingi,
339 1313 365 1345 ac
368 1300 416 1361 jam
427 1298 510 1346 adfore
542 1296 567 1344 Is
574 1304 647 1345 terror
658 1300 782 1346 obstructas

116 1366 205 1410 mentes
219 1363 318 1410 consiliis
329 1362 391 1409 ducis
402 1364 494 1426 aperuit.
528 1362 613 1409 sistere
622 1364 710 1410 tertiam
721 1364 782 1410 deci-

116 1442 178 1475 mam
187 1427 308 1489 legionem,
324 1428 349 1474 ta
359 1428 408 1490 ipso
419 1430 462 1477 viae
474 1426 598 1476 Posmmiae
605 1443 699 1491 aggere,
709 1429 781 1492 jubet,
794 1468 797 1473 .

117 1493 156 1540 cui
170 1493 250 1551 ,iuncta
265 1507 280 1538 a
294 1493 352 1541 laevo
369 1495 464 1556 septima
480 1493 591 1540 Galbiana
603 1495 689 1556 patenti
703 1509 782 1556 campo

119 1557 190 1612 stetit,
199 1555 250 1602 dein
261 1558 353 1618 septima
360 1555 490 1613 Claudiam,
502 1559 586 1620 agresti
596 1557 657 1605 sossi
668 1559 711 1621 (ita
718 1559 783 1606 locus

118 1619 180 1681 erat)
192 1623 338 1683 praemunita3
355 1623 441 1678 dextro,
458 1630 539 1670 octava
554 1638 594 1684 per
610 1630 712 1684 apertum
722 1623 782 1669 limi·

117 1694 172 1741 tem,
197 1701 251 1734 mox
272 1688 345 1744 tertis,
361 1687 438 1735 densis
458 1688 554 1735 arbustis
574 1686 783 1748 interseptaanio

118 1752 242 1813 aquilarum
251 1753 411 1814 signorumque
418 1753 487 1800 ordo:
500 1752 582 1799 milites
593 1752 657 1801 mixti
667 1767 708 1814 per
717 1759 783 1800 renea

118 1818 177 1870 bras,
194 1824 219 1863 ut
235 1816 283 1864 fors
293 1818 389 1864 tulerat:
408 1819 565 1879 praetorianum
582 1817 690 1865 vexillum
705 1819 782 1879 proxi·

120 1895 184 1933 mum
203 1883 317 1939 tertianis;
342 1883 453 1929 cohortes,
466 1883 598 1930 auxiliorum
619 1883 643 1928 ia
662 1884 782 1940 cornibus3

118 1946 198 1994 latera*
206 1961 231 1993 ac
244 1954 309 2008 terga
319 1946 394 2007 equite
405 1947 555 1995 circumdatas
575 1948 630 1995 Sido
640 1954 707 2008 atque
718 1944 783 1993 Itali·

118 2025 168 2065 eus,
185 2011 260 2066 sueri,
277 2011 431 2058 eumdeiectis
438 2013 584 2075 popularium,
600 2013 692 2074 primori
702 2012 727 2056 in
737 2012 785 2058 acie

117 2091 171 2126 vers
184 2077 272 2123 bantur.

181 2139 239 2187 XII.
255 2141 289 2189 At
300 2140 441 2190 liteiliarrus'
450 2141 568 2195 exercims,
585 2141 633 2206 (cui
643 2141 784 2202 acquiescere

120 2205 249 2261 Cremonae,
257 2214 286 2262 et,
298 2207 432 2270 reeuperatis
440 2207 490 2254 cibo
498 2221 623 2268 somnoque
629 2207 720 2262 rinbua.
727 2222 782 2254 con-

117 2271 204 2319 fectum
220 2271 298 2334 algore
313 2278 380 2333 atque
390 2269 465 2319 inedia
474 2274 568 2327 bostem,
584 2270 674 2334 posteri
684 2272 720 2318 dle
729 2288 783 2334 pro·

117 2335 199 2398 {ligare
214 2344 245 2384 ec'
254 2351 360 2398 proruere
371 2338 427 2384 ratio
436 2336 491 2397 fuit)
502 2338 592 2401 indigns
602 2338 702 2389 rectoris,
718 2337 784 2398 inops
807 2336 809 2340 ’

118 2400 215 2456 consilii,
232 2399 297 2448 tertii
304 2401 375 2449 terme
385 2404 459 2450 noctis
466 2401 528 2458 harri,
543 2404 680 2464 paratisjam
688 2402 783 2463 disposi-

116 2466 192 2527 risque
202 2463 317 2513 *meanis
326 2467 466 2530 impingitur.
497 2467 605 2514 Ordinem
616 2467 718 2528 agminis,
737 2466 783 2509 dia-

114 2531 172 2593 jecti
187 2545 229 2592 per
244 2531 299 2578 iram
316 2548 342 2580 ac
359 2532 469 2587 tenebras,
486 2546 614 2578 asseverare
632 2545 678 2576 non
696 2529 783 2581 ausim

116 2605 264 2656 quamquam
276 2597 312 2644 alii
331 2597 469 2652 tradiderint,
494 2603 594 2656 quartam
613 2591 785 2639 Macedonicam

112 2661 392 2720 dextrosuorumcomu3
412 2661 561 2723 quintam-et
568 2653 787 2719 quintamdecimam,
