1834 2900
162 146 208 191 174
224 121 696 189 n1snon1nnunrun'1vcmn.
706 138 820 181 noos

190 270 246 317 XL.
263 268 316 324 Qno
333 270 369 317 die
384 276 486 317 senatum
496 270 612 332 ingressus
623 274 658 315 est
668 266 818 321 Domitinnus,

159 335 187 381 de
204 334 305 381 absentie
315 336 385 397 patris
395 334 514 396 fratrisque
530 331 658 397 acjuventi
668 330 709 385 sui
718 347 788 393 pauca
796 340 819 378 et

159 400 247 446 modica
264 399 374 455 disseruit,
389 400 485 447 decorus
499 400 589 445 babitu:
605 405 639 452 et,
655 398 740 459 ignotis
750 398 819 443 adbuc

158 464 263 520 moribus,
281 465 357 511 crebra
374 465 418 512 oris
436 463 538 511 confinio
554 478 596 525 pro
606 460 818 523 modestiiaccipie·

158 528 231 575 batur.
269 528 392 575 Referente
415 526 506 576 Caesare
528 529 557 575 de
577 526 720 574 restituendis
741 526 819 573 Galbae

159 594 287 649 bonoribus,
295 594 382 641 censuit
393 590 486 641 Curtius
494 592 626 646 Montanus,
634 597 660 637 ut
667 590 759 637 Pisonis
765 597 819 651 quo-

159 673 203 719 que
213 660 320 705 memoria
330 658 485 704 celebraretur.
500 656 580 703 Patres
587 652 816 716 utrumquejussere:

159 724 187 770 de
198 722 283 771 Pisone
299 723 386 771 initum
403 720 452 767 fnit.
485 720 546 767 Tum
560 718 620 768 sorte
630 720 698 775 ducti,
713 734 756 780 per
766 734 819 779 quos

158 788 304 835 redderentur
312 786 371 833 bello
381 793 450 847 rapta,
467 786 549 846 quique
559 800 605 832 reru
615 785 698 846 legum,
710 790 820 831 vaustnte

159 851 256 914 delnpss,
272 858 391 897 noscerent
406 849 552 912 figerentque,
569 857 593 895 et
601 848 679 902 fastos,
692 848 820 894 vadulatione

158 922 285 978 temporum
295 914 397 970 soedutns
414 914 719 973 exonerarent'modumque
727 912 819 973 publicis

158 980 264 1043 impensis
275 978 380 1027 facerent.
404 978 516 1025 Redditur
525 978 604 1025 Tertio
614 976 705 1026 Juliano
715 984 818 1038 praetura,

157 1051 275 1107 postquam
288 1044 395 1105 cognitus
406 1050 441 1091 est
451 1043 479 1090 sd
493 1042 657 1107 Vespasianum
674 1040 817 1102 confugisse:

159 1108 246 1170 Griplro
262 1108 334 1154 bonor
342 1108 433 1155 'mansit
464 1108 546 1169 Repeti
557 1108 609 1154 inde
620 1107 773 1169 cognitionem
784 1108 818 1152 in·

158 1180 192 1219 ter
210 1171 342 1220 Musonium
360 1172 447 1220 Rursum
458 1180 481 1219 et
493 1170 631 1220 eceteram
642 1172 739 1233 plaurit3
756 1172 818 1217 dam·

157 1244 267 1298 natusque
289 1236 388 1294 Publius,
410 1245 434 1284 et
459 1237 539 1284 Sorani
555 1237 657 1283 manibus
675 1234 821 1283 sconsum.

157 1298 259 1365 Insignis
275 1300 363 1365 publici
376 1302 495 1349 severitate
505 1302 559 1356 dies,
576 1316 605 1347 ne
613 1300 718 1363 privatim
726 1300 818 1361 quidem

155 1366 220 1414 laude
237 1369 316 1415 caruit.
346 1366 437 1415 lustum
456 1367 562 1413 indicium
575 1363 681 1428 explesse
696 1364 820 1411 Musonius

155 1431 284 1479 videbatur:
304 1431 458 1480 diversalarns
468 1430 594 1486 Demetrio,
611 1428 723 1490 Cynum
734 1438 819 1477 sectam

155 1495 272 1558 professo;
285 1498 348 1558 quod
366 1497 508 1544 manifestum
515 1511 582 1544 ream
589 1495 736 1550 umbitiosius,
752 1510 819 1556 qunm

155 1561 277 1617 honestius,
294 1561 435 1610 defendisset.
468 1559 514 1624 Ipsi
526 1560 606 1608 Publio
613 1575 686 1620 neque
696 1560 787 1606 animus
797 1561 822 1605 in

155 1626 265 1688 periculis,
282 1642 354 1688 neque
369 1628 440 1675 oratio
457 1625 612 1690 suppeditavit.
643 1625 716 1686 Signo
726 1624 820 1671 ultionis

155 1691 179 1736 in
189 1698 330 1739 accusatores
341 1691 398 1746 dato,
408 1692 463 1753 petit
474 1707 487 1738 u
498 1689 589 1740 cesare
599 1689 616 1738 J
617 1689 681 1735 uniu
692 1688 820 1743 Mauricus,

155 1761 181 1800 ut
198 1757 405 1802 commentariorum
421 1757 575 1818 principalium
585 1759 719 1816 potestaten
730 1754 820 1800 senatui

153 1817 243 1873 faceret,
252 1835 291 1880 per
301 1835 357 1880 quoa
368 1827 552 1881 nosceretvquem
562 1820 656 1880 quisque
666 1818 820 1864 accusandum

154 1883 298 1953 poposcisset.
331 1881 500 1932 Consulendum
514 1884 556 1932 ,cali
574 1883 820 1948 superreprincipem,

154 1947 373 2073 resllodllllbenatus,
384 2017 538 2065 inchoantibus
548 2015 687 2078 primoribus,
698 2015 819 2077 jusjuran-

154 2077 207 2125 dum
218 2081 328 2143 concepit,
344 2097 388 2143 quo
399 2083 500 2129 certetim
511 2096 590 2128 onmes
599 2081 752 2141 magistrstus,
771 2094 820 2126 css·

154 2145 196 2191 teri
212 2151 238 2192 ut
255 2141 543 2210 sententiam'rogabantur‚
560 2146 613 2192 deos
629 2150 699 2191 testes
717 2143 819 2190 advoca-
899 2140 900 2147 ’

152 2208 213 2264 bant,
237 2210 292 2256 nihil
310 2225 352 2272 ope
371 2209 411 2258 sud
428 2211 519 2265 fuctum,
542 2225 588 2272 quo
606 2210 736 2272 cujusquam
757 2208 821 2255 sulus

152 2272 276 2327 lederetur,
292 2288 365 2334 neque
375 2290 400 2322 se
410 2275 536 2336 praemium,
551 2281 591 2322 sut
604 2275 719 2327 bonorem,
737 2287 770 2318 ex
780 2287 820 2318 os·

152 2335 253 2382 lumitate
263 2338 345 2383 civium
357 2339 457 2400 cepisse3
469 2340 559 2402 trepidIs
567 2346 590 2386 et
597 2339 665 2385 verba
671 2337 821 2400 jurisjurandi

150 2411 192 2460 per
202 2399 274 2446 varias
285 2408 344 2447 artes
353 2404 497 2458 mutantibus,
513 2404 563 2464 quis
581 2403 661 2465 flagitii
678 2402 823 2448 conscientie

149 2461 228 2507 inerat.
261 2462 388 2512 Probabant
405 2467 627 2530 religionempstres,
644 2467 769 2528 pep'uriusn
783 2481 822 2512 nr·

149 2526 254 2586 guebant.
286 2527 365 2590 anue
381 2530 443 2578 velut
459 2547 555 2579 censura
570 2533 594 2579 in
611 2531 754 2578 Sariolenum
767 2529 822 2578 Vo-

150 2587 222 2636 cultm
240 2597 263 2636 et
281 2591 382 2640 Nonium
400 2594 522 2642 Actianum
540 2602 563 2642 et
580 2594 683 2644 Mum
703 2595 821 2643 Severum
899 2590 900 2599 ¹

146 2654 253 2703 acerrime
263 2655 369 2717 incubuit,
378 2660 461 2709 crebris
471 2661 530 2724 apud
537 2659 655 2710 Neronem
665 2659 821 2710 delntiombus
899 2686 900 2705 ι
