1834 2900
146 157 205 205 ’σε
251 152 498 201 nrsnonrsnun
506 151 557 200 na
565 128 599 198 1i
608 147 713 200 craso.
723 153 751 192 υ.
759 153 839 194 om.

200 281 313 330 XXVII.
330 281 401 330 Haud
411 283 503 346 perinde
512 283 535 329 id
545 283 651 329 damnum
661 278 800 328 Vitellianos
810 280 835 326 in

168 356 253 396 metum
272 348 385 410 compulit,
408 364 474 410 quam
494 348 524 394 sd
540 346 672 393 modestiam
690 346 831 407 composuit:

168 429 210 460 neo
228 413 301 460 solum
320 413 378 475 apud
398 412 519 468 Caeoinam,
536 413 575 472 qui
591 411 678 471 culpam
697 411 722 456 in
737 410 833 457 militem

169 477 301 533 oonserebat,
319 479 421 524 seditioni
440 477 513 540 msgis
529 491 597 537 quam
615 475 696 537 proelio
714 480 832 536 puratum

169 541 233 590 Fabii
250 558 340 603 quoque
356 541 461 590 Valentis
478 541 549 602 ospiae
564 542 626 604 (jam
644 539 705 586 enlm
724 538 832 586 'licinum

168 607 272 668 uenerat)
295 608 366 669 posito
386 607 483 653 bostium
505 613 626 658 oontemtu,
643 612 667 650 et
685 605 832 664 recuperandi

168 673 256 720 decoris
271 673 379 734 cupidine,
396 670 534 718 reverentius
550 678 574 716 et
584 669 690 729 aequalius
701 668 752 714 duci
764 684 831 729 pare-

167 738 228 784 bant.
256 736 339 783 Gravis
347 737 443 796 alioquin
455 735 534 782 seditio
542 741 661 786 exarserat,
672 747 739 792 quam
751 733 832 779 altiore

167 802 231 848 initio
242 801 393 864 (nequeenim
401 815 475 846 rerum
483 814 497 845 a
505 797 720 860 caecinsgesmum
728 797 832 844 ordinem

168 867 299 926 interrumpi
316 863 454 926 oportuerat)
467 871 573 925 repetem.
606 861 718 910 cohortos
729 860 832 909 Bstsvo-

168 946 224 985 rum,
241 945 296 990 quas
311 929 370 976 bello
386 928 487 976 Neronis
496 944 511 975 a
520 924 683 988 quartidecimi
692 925 786 986 legione
796 927 832 972 di·

166 1009 262 1057 gressus,
287 1009 338 1040 oum
360 993 501 1040 Britanniam
520 1000 629 1054 peterent,
645 991 720 1038 audito
742 989 833 1040 Vitellii

167 1065 237 1110 motu,
254 1059 277 1104 in
287 1059 378 1104 civitate
388 1057 519 1120 Lingonum
531 1056 600 1104 Fabio
611 1054 703 1103 Valenti
713 1054 832 1117 srljunotm

167 1123 288 1176 retulimus,
312 1123 404 1185 superbe
425 1124 535 1184 agebant5
558 1128 584 1168 ut
604 1121 711 1182 cujusque
731 1119 831 1181 legionis

165 1187 261 1234 tentoria
269 1189 419 1242 secessissent,
436 1187 545 1234 oobrcitos
555 1201 570 1233 s
580 1201 605 1232 se
614 1183 829 1246 quartadecimanos,

165 1252 260 1299 ablutam
273 1251 359 1299 Neroni
366 1249 464 1310 Italiam,
480 1259 546 1312 etque
557 1265 646 1298 omnem
654 1248 705 1295 belli
713 1248 829 1296 iortunsm

164 1317 189 1364 ln
199 1317 297 1379 ipsorum
313 1331 381 1363 manu
395 1318 467 1372 sitam,
478 1318 598 1378 jactantes.
631 1313 828 1363 Contumeliosum

164 1382 187 1428 id
197 1383 309 1436 militibus,
326 1382 429 1428 acerbum
440 1382 504 1428 duci:
523 1386 627 1441 corrupte
632 1379 715 1441 jurgiis
723 1386 763 1424 sut
774 1379 829 1425 rixis

164 1448 292 1509 disciplina:
311 1446 339 1493 ad
349 1456 486 1509 postremum
498 1444 583 1493 Valens
597 1440 744 1507 epeorlantii
758 1444 826 1491 etiam

163 1510 276 1574 perfidiam
287 1512 433 1573 suspectabat.

196 1574 319 1624 XXVIII.
332 1574 406 1638 Igitur
414 1577 493 1625 nuntio
499 1577 573 1632 allsto,
581 1576 667 1637 pulsam
673 1572 827 1621 Treverorum

163 1641 221 1689 alam
232 1640 382 1703 Tungrosque
393 1656 406 1687 a
416 1642 488 1689 classe
498 1641 603 1695 Othonis,
619 1647 643 1687 et
652 1639 826 1686 Narbonensem

166 1706 264 1753 Galliam
274 1707 399 1763 circumiri3
416 1707 483 1752 simul
498 1706 554 1753 curb
562 1705 636 1751 socios
647 1703 730 1758 tuendi,
747 1709 772 1749 et
781 1703 825 1748 mi·

162 1770 220 1817 litari
231 1778 281 1818 astu
292 1770 393 1817 cohortes
409 1770 515 1823 turbidas,
530 1786 564 1824 so,
580 1766 656 1816 siunai
665 1768 746 1822 forent,
763 1782 823 1828 prae·

163 1834 253 1888 validas,
270 1835 424 1897 dispergend13
441 1841 528 1897 partem
544 1832 682 1881 Batavorum
692 1834 726 1878 ire
735 1832 759 1877 iu
771 1832 824 1878 sub·

161 1899 325 1961 sidiumJubet,:
344 1899 404 1959 quod
415 1900 451 1946 ubi
462 1901 562 1947 audibam
578 1898 745 1960 vulgatumque,
761 1910 822 1943 mm·

161 1978 211 2010 rere
221 1964 282 2018 socii,
298 1963 393 2011 fremere
400 1964 514 2027 legiones:
533 1964 606 2011 orbari
617 1978 642 2009 se
651 1961 824 2009 fortissimorum

110 2059 113 2069 ·
161 2029 259 2077 virorum
276 2029 372 2076 auxilio:
391 2036 479 2077 veteres
495 2030 547 2077 illos
563 2036 587 2075 et
603 2034 639 2075 tot
653 2026 763 2074 bellorum
774 2025 823 2071 rio-

160 2101 227 2149 tores,
244 2102 361 2157 postquam
371 2096 395 2141 in
406 2101 527 2157 conspeetu
537 2095 566 2141 sit
576 2093 654 2148 bostis,
663 2091 727 2138 velut
737 2104 767 2136 ex
774 2089 823 2137 sele

161 2160 252 2207 abduci:
267 2160 286 2205 si
296 2160 411 2220 provincia
418 2159 482 2207 Urbe
488 2166 513 2206 et
522 2159 594 2207 salute
604 2156 690 2218 imperii
700 2154 775 2217 potior
786 2154 822 2210 sit,

162 2238 240 2270 omnes
256 2224 307 2269 illuc
323 2231 480 2284 sequerenturz
499 2225 535 2270 sin
547 2222 649 2271 noerio
664 2220 754 2274 nnius,
771 2233 822 2265 ms-

161 2288 304 2342 tentsculum,
321 2288 424 2334 columen
442 2289 467 2334 in
485 2286 552 2335 Italiri
569 2291 700 2342 verteretur,
716 2299 763 2331 non
781 2283 822 2330 sb·

161 2351 761 2477 ffllnliiiiliiilffiitlm
777 2412 820 2458 n.

158 2478 233 2523 missis
243 2477 363 2533 lictoribus,
380 2478 467 2526 Valens
480 2481 583 2527 coercere
593 2479 724 2527 multonem
735 2485 821 2539 eoepts·

158 2541 203 2594 bat,
218 2542 290 2601 ipsum
309 2542 432 2599 invadunt3
454 2558 509 2591 ssxs
522 2545 624 2606 jaciunt,
639 2542 765 2604 fugientem
785 2556 821 2587 se-

159 2611 263 2664 quuntur.
277 2634 279 2637 -
296 2605 373 2668 Spolia
383 2607 514 2662 Galliarum,
526 2616 549 2655 et
559 2606 723 2657 viennensum
734 2619 820 2661 surum,

42 2666 44 2674 ⁴
107 2672 108 2677 ’
156 2669 262 2731 etpretia
271 2669 372 2720 laborum
383 2671 604 2731 suorumoocultore,
620 2669 818 2725 contumu-
