1834 2900
91 127 110 167 J.
118 128 180 174 cdo.
203 123 451 176 HISTORIARUM
459 122 624 177 11121115021.
634 129 673 178 59.
721 131 751 175 81

91 269 134 316 que
155 255 322 313 Mauritaniam,
345 255 465 305 interiecto
490 266 634 320 procuratore
660 256 763 313 Altino«

91 322 163 367 nuntii
179 321 269 369 venere.
302 323 399 370 Luceius
416 324 520 376 Albinus,
536 323 655 370 aNerone
665 324 758 370 Manna

91 387 158 432 teniae
182 385 315 434 Cresariensi
336 386 575 450 praepositus'additi
595 404 637 450 per
658 389 754 436 Galbam

91 449 222 511 Tingitanae
232 454 353 514 provinciae
361 455 560 507 administratione,
576 453 637 499 baud
646 467 754 515 spernen-
808 460 811 464 “

91 515 126 562 dis
141 515 226 562 viribus
241 519 332 579 agebat:
353 516 457 564 XVIIII
469 519 580 572 cobortes,
596 519 694 578 quinque
704 518 754 571 alae,

91 579 173 640 ingens
189 581 322 628 Maurorum
340 598 446 629 numerus
457 585 540 637 aderat,
556 597 596 645 per
606 583 722 629 latrocinia
732 592 756 628 et

92 651 167 706 raptus
177 655 228 708 epta
238 648 296 694 bello
306 663 395 695 manus.
427 646 496 696 Caeso
508 647 588 701 Galbi,
604 647 628 692 in
640 647 754 694 Othonem

91 723 181 770 pronus,
204 727 246 758 nec
266 710 344 758 Africi
366 719 492 768 contentus,
516 712 641 773 Hispaniae,
658 719 756 774 angusto

91 773 149 821 ireto
165 777 273 830 diremtae,
289 777 426 824 imminebat.
459 776 517 824 Inde
530 775 614 824 Cluvio
625 775 688 823 Ruso
706 791 755 822 me·

91 847 142 886 tus:
168 848 192 887 et
213 841 322 888 decimam
343 842 457 904 legionem
475 843 624 906 propInqusre
644 841 712 898 litori,
730 849 756 887 ut

91 906 269 960 transmissurus,
291 907 373 968 jussit:
404 909 513 967 praemissi
541 908 690 960 centuriones,
718 907 764 966 qui

91 968 226 1016 Maurorum
244 972 330 1017 animos
345 970 437 1020 Vitellio
455 972 611 1018 conciliarentt
630 984 704 1032 neque
719 985 755 1016 sr-

91 1035 160 1080 duum
171 1035 221 1088 suit,
233 1034 315 1097 magni
322 1037 497 1098 perprorincias
507 1037 635 1084 Germanici
643 1037 756 1083 exercitlls

90 1098 171 1146 fumi*
193 1100 341 1162 Spargebatur
352 1101 449 1163 insuper,
465 1109 540 1163 spreto
548 1100 703 1148 Procuratoris
712 1117 757 1148 ro·

93 1164 181 1219 cabulo,
206 1165 316 1212 Albinum
334 1166 423 1228 insigne
451 1168 529 1229 regis,=
542 1175 569 1213 et·
586 1165 658 1214 Iubae
673 1181 762 1212 nomem

91 1244 207 1290 usurpare.

124 1293 194 1340 LIX.
204 1293 240 1342 Its
250 1297 342 1343 mutatis
352 1298 439 1352 animis,
451 1296 546 1344 Annius
556 1296 637 1350 Pollio,
646 1296 688 1342 slae
695 1309 763 1357 prae-·

90 1358 171 1414 fectus,
188 1376 201 1405 e
215 1359 327 1408 fidissimis
345 1361 475 1417 Albino-et
486 1361 570 1409 Festus
579 1377 606 1408 ac
618 1362 700 1422 Scipio,
716 1375 764 1406 co·⁴

85 1425 190 1473 ,honum
201 1425 308 1487 praesent,
324 1429 497 1489 opprimuntur·
519 1424 572 1489 Ipse
583 1427 686 1481 Albinus,
702 1425 763 1472 ‘dum'

91 1504 105 1535 e
128 1489 251 1551 TIngitani
271 1491 386 1555 provincii
406 1490 570 1539 Caesariensem
596 1492 757 1539 Mauritaniam

90 1555 156 1617 petit,
174 1556 276 1616 appulsus
287 1557 353 1611 litori,
371 1557 515 1603 trucidante
526 1572 583 1603 uxor
597 1559 758 1619 ejus,:curn‘se

90 1620 259 1683 percussoribus
276 1620 398 1674 obtulisset,
416 1622 483 1667 simul
500 1621 618 1667 interfecta
634 1628 682 1667 est:
702 1621 759 1666 nihil
817 1664 819 1668 .

91 1699 178 1739 sorum,
195 1699 246 1745 quae
263 1684 349 1740 fierent,
369 1685 461 1732 Vitellio
477 1686 622 1749 anquirenter
639 1679 702 1732 brevi
717 1700 758 1730 nu-

92 1750 141 1796 ditu
153 1750 254 1809 quamvis
270 1764 354 1811 magna
369 1750 482 1805 trsnsibst,
498 1751 570 1812 imper
580 1751 640 1797 curis
649 1750 759 1813 graviori·

90 1815 142 1861 bus.
175 1814 306 1861 Exercitum
318 1816 397 1861 itinere
408 1816 508 1862 terrestri
517 1825 615 1878 pergere
620 1816 697 1880 Jubet
709 1815 760 1877 ipse
795 1826 798 1835 ·

90 1879 167 1927 Arare
177 1879 270 1925 flumine
281 1880 402 1935 devehitur,
419 1880 482 1926 nullo
487 1882 606 1943 principnli
616 1888 700 1942 paratur,
718 1881 758 1926 scd

90 1954 177 1991 vetere
186 1952 288 2005 egestate
304 1943 453 2007 conspicuus·;
470 1945 542 1991 donoe
559 1944 642 1993 Jurrius
660 1945 758 1995 Blaesus,

90 2008 255 2070 Lugdunensis
278 2010 359 2056 Galliae
381 2017 461 2064 rector,
477 2024 562 2071 genere
573 2010 666 2064 illustri,
683 2010 760 2070 largus

89 2076 175 2128 animo,
188 2082 211 2119 et
222 2088 261 2134 par
272 2075 356 2135 opibus,
368 2076 515 2121 circumdaret
521 2076 616 2135 principi
626 2074 765 2124 ministeriu·

89 2140 239 2186 comitaretur
259 2138 393 2196 liberalitem
404 2172 406 2177 -
416 2154 444 2187 eo
465 2140 515 2201 ipso
533 2141 641 2201 ingratus,
658 2139 760 2198 quamvis

89 2205 169 2251 odium
181 2202 288 2250 Vitellius
298 2203 419 2251 vernilibus
429 2205 542 2251 blanditiis
553 2205 644 2251 velaret.
670 2202 761 2249 Praesto

88 2267 156 2315 fuere
167 2268 275 2330 Lugduni
286 2269 411 2315 victricIum
420 2271 573 2330 victarumque
580 2270 675 2331 partium
684 2268 762 2314 dures.¹

89 2333 216 2381 Valentem
229 2344 251 2379 et
263 2330 388 2391 Caecinam,
397 2346 438 2395 pro
449 2335 558 2380 concione
568 2333 678 2389 laudatos,
687 2333 764 2378 curuli

90 2414 142 2446 suae
159 2398 326 2459 circumposuit.
359 2399 420 2445 Mox
437 2400 566 2445 universum
584 2400 707 2444 exercitum
719 2412 760 2442 oca

90 2476 183 2510 currere
202 2462 283 2509 infanti
301 2462 347 2510 filio
358 2464 440 2525 J‘ubetr'
455 2464 610 2525 perlatumque
626 2470 656 2508 et.
666 2461 760 2522 paluda-

90 2536 172 2574 mento
191 2528 299 2589 opertum
314 2531 364 2575 nlnu
383 2529 490 2581 retinens,
507 2527 674 2574 Germanicum.
684 2524 767 2583 appeb

88 2592 155 2649 brit,
163 2594 280 2656 cinxitque
287 2588 768 2655 cunctisiortunssprincipalisinsignibusu
