1834 2900
154 112 190 158 54
246 99 493 151 ffls‘rosstatttmt
505 99 695 162 Innumcras.
708 107 821 151 [acan.

151 236 193 292 ¹ubi
212 234 266 279 laeta
284 238 308 278 et
325 232 473 294 congruentia
489 239 548 287 exta,
563 234 697 294 magnisque
714 237 819 284 conmltit

155 313 254 346 annuere
265 296 348 350 Deam,
364 297 432 352 videt,
444 312 516 358 pauca
525 297 549 342 in
565 312 664 358 presens
675 304 698 344 et
708 301 776 348 solita
785 317 819 348 re·

93 367 96 372 '
157 362 277 425 spondeus,
288 362 359 423 petito
370 368 464 416 secreto,
474 361 550 408 futura
560 364 637 422 aperit.
669 361 745 419 rlitus,
757 374 820 414 aucto

154 429 237 480 animo,
255 427 282 474 ad
292 433 377 488 patrem
388 433 514 487 pervectus,
530 427 643 487 suspensis
657 428 819 486 provinciarum

154 500 180 539 et
191 492 328 538 exercituum
344 491 461 545 mentibus,
477 491 558 552 ingens
570 506 643 536 rerum
653 489 735 538 fiduciis
745 509 819 541 acces-

157 558 194 604 sit.
227 554 391 617 Profligaverat
410 555 492 601 bellum
513 553 633 602 Judaicum
653 554 820 616 Vespasianum

157 621 324 683 oppugnatione
344 619 555 679 Hierosolymorum
574 617 664 679 reliqui,
682 621 821 686 duromagis

158 694 181 734 et
198 687 266 732 arduo
284 699 357 746 opere,
374 685 403 730 ob
419 684 536 745 ingenium
547 685 632 730 montis
641 692 665 730 et
675 686 821 745 pervicaciam

152 751 328 812 superstitionis,
345 763 410 808 quam
428 763 474 808 quo
485 749 538 794 satia
549 749 629 794 virium
641 750 736 795 obsessis
747 751 776 807 art
786 759 820 799 to.

158 816 260 863 lerandus
271 814 414 860 necessitates
426 820 557 874 superesset.
590 811 655 866 Trea,
667 820 767 876 utsupra
774 831 821 864 me·

158 881 301 932 moravimus,
318 877 359 938 ipsi
371 875 512 938 Vespasiano
522 877 624 939 legiones
634 886 705 935 eram,
717 882 823 931 eaerdtas

159 944 231 991 bello:
250 949 345 1002 quatuor
367 941 488 988 Mucianus
510 942 622 988 obtinebat
641 943 665 988 in
687 958 759 1003 pace3
783 946 823 996 sed

155 1007 272 1062 ¹aemulatio
283 1014 306 1054 et
313 1005 410 1068 proximi
421 1006 532 1053 exercitlls
543 1005 615 1067 gloria
625 1007 735 1068 repulerat
745 1011 822 1072 aegni-

160 1075 226 1120 tiam:
246 1078 398 1132 quantumque
414 1068 457 1117 illis
477 1071 562 1118 roboris
579 1071 706 1118 discnmina
720 1080 744 1125 et
754 1073 823 1130 labor,

159 1145 246 1184 tautum
264 1137 299 1182 his
316 1136 401 1198 vigoris
420 1134 534 1182 addiderat
548 1135 636 1197 integra
650 1136 713 1196 quies
723 1144 748 1184 et
757 1139 823 1188 inex·

159 1208 235 1266 pertus
245 1201 297 1248 belli
307 1200 383 1248 labor:
402 1199 485 1246 auxilia
495 1201 583 1260 utrique
593 1201 717 1246 cohortium
725 1203 824 1250 alarum-

159 1283 213 1328 que,
229 1273 253 1313 et
273 1266 356 1313 classes
377 1279 493 1327 regesque,
509 1280 536 1312 ac
558 1280 640 1311 nornen
662 1265 743 1328 dispari
761 1266 825 1315 fama

162 1332 254 1379 celebre.

193 1395 224 1442 V.
243 1394 399 1457 Vespasianus,
417 1394 572 1450 acermilitiae,
588 1394 672 1442 antece
682 1409 771 1458 agmen,
788 1397 824 1445 lo·

160 1476 213 1509 cum
225 1462 302 1507 castris
313 1476 398 1523 capere,
415 1467 484 1507 noem
500 1460 582 1520 diuque
592 1460 691 1514 conulio,
708 1476 740 1515 ac,
758 1463 777 1512 si
788 1478 825 1510 rea

162 1532 270 1589 posceret,
286 1540 354 1571 manu
365 1525 464 1571 hostibus
476 1524 558 1571 obnitit
577 1524 626 1571 cibo
643 1524 743 1581 fortuito,
760 1535 825 1574 veste

161 1590 280 1650 habituque
291 1590 330 1635 vix
340 1604 354 1635 a
364 1591 468 1652 gregario
482 1590 553 1635 milite
568 1589 707 1650 discrepasse
725 1606 825 1651 prorsus,

161 1656 180 1701 si
192 1655 284 1701 scantia
294 1654 385 1708 abesset,
403 1652 498 1714 antiquis
509 1654 601 1713 ducibus
611 1669 657 1715 par.
690 1653 825 1703 Mucianum

163 1735 176 1767 e
186 1719 299 1765 contrario
309 1717 474 1780 magnificentia
483 1725 507 1764 et
517 1734 571 1781 opes
586 1726 609 1765 et
622 1725 703 1765 cuncta
712 1720 826 1780 privatum

163 1784 254 1849 modum
265 1797 407 1844 supergressa
417 1783 566 1830 extollebant:
580 1783 652 1845 aptior
661 1785 766 1839 sermoni,
776 1784 826 1831 dia·

161 1848 236 1910 positu
253 1847 387 1909 provisuque
397 1847 496 1894 civilium
507 1863 581 1894 rerum
591 1849 689 1910 peritum
705 1850 825 1910 egregium

163 1912 300 1975 principatus
310 1918 517 1973 temperamentum,
533 1914 559 1967 ai,
570 1913 651 1959 demtis
661 1913 777 1972 utriusque
787 1915 824 1959 vi·

164 1978 207 2031 tiis,
215 1978 271 2023 solae
280 1977 374 2025 virtutes
384 1978 538 2025 miscerentur.
571 1975 685 2025 Caeterum
695 1977 731 2024 hic
742 1977 824 2038 Syriae,

163 2042 201 2090 ille
217 2040 306 2091 Judaeae
322 2043 461 2105 prepositus,
477 2042 557 2088 vicinis
572 2042 734 2103 provinciarum
749 2042 823 2099 adrni-

164 2107 337 2162 nistraticnibus,
353 2105 436 2154 insidii
451 2106 570 2160 discordes,
587 2106 649 2152 exitu
663 2106 753 2153 demum
772 2106 824 2154 Ne·

164 2172 232 2228 runis,
248 2172 326 2233 positia
342 2172 403 2226 odiis,
420 2172 443 2216 in
455 2172 553 2218 medium
563 2168 708 2220 consuluiset
726 2170 825 2231 primum

165 2252 205 2299 per
222 2238 318 2283 auricus:
337 2236 388 2283 dein
405 2236 518 2298 praecipua
536 2237 660 2283 concordiae
678 2234 732 2281 fides
748 2228 825 2293 liius,

164 2316 232 2364 prava
249 2301 369 2347 certamina
387 2301 501 2347 communi
518 2301 613 2347 utilitate
628 2300 763 2362 aboleverat:
784 2315 826 2347 na·

165 2362 216 2411 tuni
226 2372 293 2423 atque
303 2372 351 2410 arte
360 2367 497 2427 compositus
508 2365 629 2411 alliciendis
642 2365 707 2411 etiam
722 2362 827 2411 Muciani

166 2427 271 2473 moribus.
293 2426 387 2475 Tribuni
398 2431 589 2488 centurionesque,
598 2436 621 2474 et
628 2428 710 2488 vulgus
722 2428 828 2485 militum,

168 2488 283 2545 industrii,
306 2490 402 2548 licentii,
418 2509 459 2555 per
479 2493 580 2545 virtutes,
595 2507 636 2553 per
652 2492 787 2553 voluptates,
803 2499 832 2541 ut

168 2554 249 2613 cuique
259 2556 381 2617 ingenium,
393 2558 583 2619 *adsciscebsutun

202 2615 247 2666 Vl.
272 2620 402 2682 Antequam
420 2618 488 2670 'litua
508 2619 643 2676 adventaret,
667 2626 833 2669 emmenum
