1834 2900
105 111 160 150 nc.
170 116 203 157 ro.
223 106 471 158 maronianum
481 105 535 154 Lu.
542 104 563 152 1.
574 104 679 156 caasa.
742 110 770 152 sl

100 253 153 284 cere
163 247 253 293 cuncta,
269 245 293 284 et
302 239 389 300 privata
399 237 492 284 vulnera
502 236 629 298 reipublicae
639 236 704 283 malis
711 251 767 298 ope·

101 303 146 348 rire
157 304 244 349 statuit.
276 301 328 350 Nec
339 303 429 348 deerant
440 303 463 347 in
474 303 571 348 exercitu
587 301 671 348 semina
682 301 768 347 discor·

100 366 161 422 diae;
179 368 239 428 quod
261 373 284 412 et
304 367 361 413 bello
383 367 489 413 adversus
511 363 630 428 Vindicem
649 367 768 414 universus

99 429 211 484 adsuerat,
228 446 276 484 nec,
292 432 335 478 nisi
342 431 417 477 occiso
426 429 526 483 Nerone,
542 430 663 476 translatus
673 431 696 476 in
709 431 767 477 Gal·

100 495 161 550 bam,
179 503 245 554 atque
261 496 284 540 in
301 512 328 542 eo
344 497 393 556 ipso
404 501 544 542 sacramento
554 494 642 540 vexillis
655 494 766 541 inferioris

104 559 235 606 Germaniae
245 567 372 620 praeventur
384 567 438 606 erat.
456 558 490 610 Et
500 556 595 604 Treveri
605 573 631 603 ac
640 558 764 621 Lingones,

101 638 201 684 quasque
218 624 272 670 alias
289 625 391 670 civitates
409 623 521 670 atrocibus
537 623 615 668 edictis
632 630 670 668 aut
682 624 765 670 damam

98 687 177 734 linium
195 689 269 736 Galba
284 689 415 750 perculerat,
431 688 528 734 hibernia
543 687 658 748 legionunl
675 688 767 748 propius

98 753 229 800 miscentur.
248 751 316 800 Unde
324 753 427 798 seditiosa
438 752 555 812 colloquia,
565 758 589 798 et
598 751 658 797 inter
665 766 766 812 paganos
799 781 802 786 -

98 817 226 878 corruptior
241 817 312 872 miles,
329 818 382 862 etin
394 815 529 878 Verginium
545 815 616 872 favor,
632 816 765 876 cuicumque

99 882 137 928 alii
148 881 286 943 profuturus.

132 944 200 992 LIV.
217 946 313 993 Miserat
324 947 402 994 civitas
413 946 550 1008 Lingonum,
567 952 642 994 vetere
653 945 763 1000 instituto,

97 1010 159 1058 dona
176 1011 308 1072 legionibus,
331 1011 426 1066 dextras
443 1011 533 1073 hospitii
551 1011 646 1073 insigne.
680 1009 763 1072 Legati

98 1090 186 1129 eorum,
203 1077 227 1121 in
247 1076 371 1136 squalorem
390 1076 562 1136 moestitiaosqne
581 1077 705 1137 compositi,
722 1089 763 1137 per

96 1139 213 1201 principia,
229 1155 268 1202 per
279 1141 429 1194 contubernia,
446 1141 513 1186 modo
524 1155 576 1186 suas
586 1141 683 1202 injurias,
694 1140 763 1186 modo

97 1205 215 1252 civitatum
233 1205 356 1251 vicinarum
371 1204 469 1266 praemia,
485 1212 515 1257 et,
532 1205 567 1250 ubi
579 1206 654 1265 pronis
665 1204 762 1251 militum

97 1269 189 1315 auribus
211 1270 379 1332 accipiebantur,
396 1271 466 1332 ipsius
487 1269 599 1314 exercitiis
619 1269 718 1330 pericula
739 1277 763 1314 et

95 1333 243 1380 contumelias
253 1342 422 1394 conquerentes,
433 1334 583 1379 accendebant
593 1335 685 1379 animos
710 1331 762 1379 Nec

95 1398 176 1461 procul
196 1398 303 1445 seditione
317 1399 413 1454 aberant,
431 1414 482 1444 oum
502 1390 647 1446 Hordeonius
667 1397 762 1444 Flaccus

96 1464 158 1509 abire
171 1463 265 1525 legatos,
283 1471 351 1523 utque
366 1464 474 1510 occultior
488 1464 601 1525 digressus
612 1472 677 1516 esset,
694 1472 762 1509 nocte
807 1485 809 1491 ·

96 1528 178 1575 castris
189 1528 295 1574 excedere
301 1528 372 1591 jubet.
405 1526 463 1574 Inde
473 1536 537 1575 atrox
549 1544 630 1582 rumor,
647 1529 760 1575 allinnan·

96 1592 157 1639 tibus
172 1592 289 1653 plerisque,
306 1592 442 1646 interfectos,
459 1608 492 1643 ac,
509 1593 551 1638 nisi
562 1593 603 1653 ipsi
611 1590 760 1645 consulerent,

96 1655 153 1712 fore,
167 1664 193 1703 ut
203 1657 303 1703 acerrimi
314 1657 417 1710 militum,
429 1665 451 1703 et
462 1658 581 1718 praeseotia
588 1658 710 1717 conquesti,
721 1671 761 1716 per

94 1722 199 1769 tenebras
217 1728 240 1767 et
250 1722 360 1769 inscitiam
374 1730 507 1769 caeterorum
519 1722 679 1767 occiderentur.
712 1719 760 1767 Ob·

97 1786 240 1849 stringuntur
253 1787 346 1845 interae
357 1787 425 1833 tocito
433 1786 518 1833 foedere
525 1786 633 1847 legiones.
666 1785 761 1832 Adscis-

95 1851 154 1898 citur
170 1851 303 1897 auxiliorum
319 1851 398 1908 milea;
415 1852 487 1913 primo
499 1857 620 1912 suspectus,
638 1857 760 1911 tamquam,

94 1915 240 1974 circumdatis
256 1914 384 1963 cobortibua
400 1916 491 1976 alisque,
507 1917 604 1977 impetus
620 1916 644 1961 in
658 1916 761 1977 legiones

94 1986 219 2043 pararetur,
230 1994 285 2026 mox
295 1980 373 2029 eadem
384 1980 455 2027 acrius
467 1980 573 2027 volvens:
593 1978 691 2026 iaciliore
702 1981 761 2024 inter

95 2044 169 2091 malos
188 2059 299 2093 consensu
314 2046 342 2093 ad
358 2044 448 2101 bellum,
465 2059 532 2105 quam
549 2045 572 2089 in
588 2058 643 2105 pace
660 2044 688 2089 ad
705 2058 760 2089 con·

95 2109 204 2157 cordiam.

129 2172 184 2221 LV.
193 2170 318 2221 rInferioris
328 2180 404 2222 tamen
413 2172 543 2221 Germaniae
553 2172 655 2235 legiones
665 2172 761 2219 sollenni

94 2236 192 2301 Kalend·
204 2234 362 2289 Januariarum,
378 2247 516 2286 sacramento
528 2254 569 2300 pro
581 2235 654 2285 Galbi
665 2237 759 2294 adactae,

94 2302 168 2350 multi
178 2304 327 2359 cunctatione,
344 2311 367 2351 et
378 2305 433 2350 raris
448 2305 569 2365 primorum
583 2302 686 2350 ordinum
698 2302 761 2349 voci·

93 2369 149 2434 bui?
171 2368 248 2415 caeteri
265 2368 355 2415 silentio
371 2368 467 2430 proximi
478 2370 585 2431 cujusque
595 2367 708 2413 audaciam
720 2380 761 2411 ex·

96 2439 240 2495 spectantea;
257 2432 325 2481 insist
335 2434 465 2481 mortalibus
482 2429 567 2484 naturis,
582 2446 676 2491 propere
692 2431 763 2489 sequi,

95 2512 148 2558 quae
164 2498 229 2561 piget
245 2497 356 2545 incboare.
391 2496 436 2544 Sed
446 2498 501 2558 ipsis
510 2495 636 2557 legionibus
646 2494 718 2538 inerat
728 2492 763 2536 di·

95 2562 192 2609 versitas
200 2562 333 2609 animorum.
350 2561 451 2609 Primani
460 2560 606 2620 quintanique
612 2555 691 2601 turbidi
701 2554 765 2603 adeo,

95 2634 120 2673 ”t
132 2626 223 2688 quidam
235 2640 289 2675 ⁵8¹8
298 2628 323 2674 ln
335 2626 417 2676 Galbae
427 2624 538 2685 imagines
549 2620 657 2681 jecerint:
677 2615 756 2673 quinta
