1834 2900
146 148 162 191 ε
234 137 670 192 meronranumnuncna.
696 145 814 205 acan,

180 267 226 317 Vl.
243 269 370 318 Invalidum
382 285 458 318 senem
468 269 498 318 T.
505 270 589 320 Vinius
599 279 623 320 et
634 271 754 322 Comedus
762 271 812 320 La·
876 273 879 276 ’

149 351 183 390 co,
198 335 255 400 alter
270 336 402 383 deterrimus
419 337 555 394 mortalium,
572 339 629 385 alter
643 339 813 400 ignavissimus,

148 401 200 448 odio
211 399 347 464 flagitiorum
362 408 486 456 oneratum,
497 409 613 448 contemtu
624 404 712 449 inertiae
722 402 812 448 destru-

148 466 221 520 ebant.
254 463 354 512 Tardum
370 467 451 514 Galbae
464 467 508 511 iter
518 475 542 512 et
552 473 676 521 cruentum,
687 464 813 512 interfectis

149 527 265 592 Cingonio
282 529 391 587 Varrone,
410 530 503 576 consule
519 531 644 593 designato,
662 537 686 577 et
702 529 813 576 Petronio

147 593 286 656 Turpiliano,
296 595 419 642 consulari:
438 595 484 648 ille,
495 601 521 641 ut
531 593 663 656 Nymphidii
674 595 755 649 socius,
766 595 812 648 bic,
880 632 883 642 .

147 667 174 706 ut
191 660 237 706 dux
252 659 358 713 Neronis,
374 658 467 705 inauditi
484 666 551 720 atque
564 658 679 712 indefensi,
696 666 811 719 tamquam

148 726 287 778 innocentes,
295 723 412 784 perierant.
440 721 549 769 Introitus
560 724 583 768 in
592 723 684 777 Urbem,
696 724 813 770 trucidatis

139 796 183 836 vtot
193 788 290 835 millibus
304 788 422 833 inermium
438 787 541 841 militum,
556 787 666 834 infaustus
682 789 763 842 omine,
775 795 811 834 at·
884 838 887 843 ,

148 869 192 916 que
207 853 261 914 ipsis
277 852 351 906 etiam,
369 853 405 912 qui
422 852 555 906 occiderant,
571 852 736 899 formidolosum.
769 851 811 898 ln·

148 915 216 964 ducti
225 917 315 978 legione
327 915 437 978 Hispani,
454 924 583 964 remanente
592 916 627 971 ed,
638 931 703 978 quam
715 932 729 963 e
739 917 813 964 classe

148 981 214 1030 Nero
220 982 388 1042 conscripserat,
395 978 523 1042 plenaUrbs
528 982 627 1028 exercitu
632 982 734 1028 insolito:
744 982 811 1028 multi

148 1047 218 1094 adhoc
235 1047 322 1094 numeri
337 1061 350 1092 e
362 1042 485 1096 Germanii
498 1061 526 1092 ac
539 1045 657 1092 Britannici
671 1053 695 1092 et
709 1045 810 1106 Illyrico,

148 1111 276 1173 quotidem
292 1109 363 1162 Nero,
380 1110 464 1158 electos
479 1111 651 1170 praemissosque
666 1112 693 1157 ad
713 1112 812 1157 claustra

149 1173 289 1238 Caspiarum,
302 1183 325 1222 et
334 1175 424 1229 bellurn,
436 1176 496 1235 quod
508 1176 531 1220 in
544 1175 645 1222 Albanos
660 1175 756 1236 parabat,
768 1191 810 1236 op·

146 1241 269 1302 primendis
277 1239 379 1286 Vindicis
387 1240 467 1301 coeptis
478 1247 634 1286 revocaveratr
652 1241 734 1302 ingens
745 1241 811 1287 novis

147 1307 213 1352 rebus
225 1305 322 1360 materia,
331 1312 357 1352 ut
368 1305 444 1350 nonin
456 1318 525 1351 unum
537 1305 632 1366 aliquem
643 1319 714 1366 prono
724 1302 809 1360 favore,

146 1372 178 1418 ita
189 1371 279 1416 audenti
290 1376 372 1432 parata.

98 1487 102 1497 ⁵
175 1433 239 1481 VII.
256 1433 326 1483 Forte
340 1440 481 1497 congruerat,
496 1441 522 1481 ut
536 1432 610 1484 Clodii
622 1433 696 1481 Macri
711 1441 736 1480 et
745 1433 809 1481 Fon·

146 1502 185 1547 teil
194 1498 310 1561 Capitonis
321 1501 393 1559 caedes
404 1500 566 1546 nuntiarentur.
593 1499 706 1553 Macrum,
715 1501 739 1545 in
746 1499 810 1545 Afri·

146 1564 174 1612 cd
185 1565 243 1611 haud
252 1565 316 1611 dubie
323 1566 456 1618 turbantem,
467 1562 594 1611 Trebonius
600 1564 749 1619 Garucianus,
756 1580 810 1626 pro-

148 1637 243 1685 curator,
251 1632 317 1694 jussu
330 1630 409 1677 Galbae
416 1646 423 1685 ;
442 1626 576 1690 Capitonem
587 1630 611 1675 in
619 1626 748 1684 Germanii,
757 1643 809 1675 cum

148 1696 229 1742 similia
244 1701 358 1757 coeptaret,
376 1692 496 1742 Cornelius
507 1694 611 1755 Aquinus
628 1699 652 1739 et
666 1692 749 1740 Fabius
759 1692 810 1740 Va·

146 1760 202 1815 lens,
219 1760 287 1821 legati
302 1760 423 1821 legionum,
434 1758 598 1813 interfecerant,
610 1762 730 1818 antequam
741 1759 809 1821 J'ube·

147 1832 231 1871 rentur.
265 1821 338 1871 Fuere
346 1824 383 1884 qui
394 1824 517 1877 crederent,
529 1820 670 1884 Capitonem,
681 1829 707 1867 ut
717 1821 810 1869 avaritiia

146 1897 170 1937 et
180 1888 269 1935 libidine
285 1888 370 1935 foedum
385 1902 411 1933 ac
426 1888 571 1941 maculosum,
582 1889 614 1934 ita
625 1886 763 1949 cogitatione
773 1899 809 1933 re·

146 1970 196 2001 rum
208 1968 317 2000 novarum
328 1952 473 2009 abstinuisse3
491 1952 530 1999 sed
541 1967 554 1999 a
564 1952 652 2015 legatia,
662 1951 744 1997 bellum
757 1964 809 1998 sua·

146 2019 256 2073 dentibus,
267 2025 383 2081 postquam
400 2017 514 2079 impellere
528 2017 675 2077 nequiverint,
686 2016 771 2062 crimen
782 2030 810 2063 ac

145 2084 222 2131 dolum
230 2084 379 2145 compositum
387 2083 461 2137 ultro;
478 2089 501 2127 et
513 2082 616 2135 Galbam,
628 2080 763 2144 (mobilitate
772 2081 809 2127 in-

146 2150 215 2213 genii,
232 2163 266 2202 an,
284 2162 313 2193 ne
320 2147 386 2194 altius
397 2147 533 2193 scrutaretur
538 2145 562 2206 i)
572 2161 663 2207 quoquo
672 2145 740 2191 modo
751 2153 808 2201 acta,

145 2214 197 2275 quia
213 2213 294 2259 mutari
310 2227 355 2257 non
371 2219 481 2273 poterant,
497 2210 662 2273 comprobdsse.
692 2208 809 2257 Ceterum

146 2286 240 2341 utraque
248 2276 321 2324 caedes
329 2277 417 2323 sinistre
425 2284 529 2338 accepta:
548 2276 661 2333 etinriso
670 2274 808 2335 semelprin-
822 2306 825 2311 -

215 2338 808 2402 ³

145 2485 227 2515 manus
238 2470 315 2517 subitis
326 2470 404 2523 avidae,
416 2476 445 2522 et,
457 2477 570 2528 tamquam
581 2468 639 2529 apud
648 2482 732 2522 renem,
741 2467 808 2514 ieru-

145 2541 238 2581 nantes:
259 2534 379 2593 eademque
397 2546 465 2578 nouae
482 2533 540 2579 aulae
558 2532 623 2587 mala,
641 2546 705 2592 aeque
723 2533 809 2592 gravh,
836 2550 839 2555 ·

146 2612 192 2643 non
203 2613 267 2661 aeque
274 2604 387 2645 excusata.
420 2594 474 2657 Ipsa
481 2604 540 2666 ,retas
551 2596 632 2644 Gubae
642 2595 715 2643 irrisui
723 2609 751 2641 ac
759 2596 808 2644 ias·
