1834 2900
87 111 183 156 soso..
201 80 683 160 nrs'ronrsnnrrssrncssse
704 114 749 159 171

88 246 206 294 cernentes,
230 240 333 287 omnibus
352 241 422 303 punis
442 248 598 304 prnrrnnpunt.
635 241 673 289 Ac
690 241 752 289 lans

88 300 171 359 Civilis,
188 306 252 367 lapsu
266 306 316 365 eqni
333 312 465 367 prostratus,
481 306 565 353 crediti
578 323 619 369 per
629 315 751 367 utrumque

86 370 207 415 exercitum
225 368 291 424 fama
314 372 455 418 vulneratum
474 380 514 418 aut
531 370 680 426 interiectum,
703 374 748 418 im·

86 447 154 546 ιιιιίιὶῐιιίὶε1
167 441 274 494 quantam
291 436 338 482 suis
354 437 450 499 pavoris,
468 444 492 483 et
508 436 608 483 hostibus
622 437 748 493 alacritatis,

86 497 110 543 in
125 498 130 507 '
148 498 171 543 't
233 512 244 527 ¹

118 560 226 610 XXXV.
243 564 288 611 Sed
298 564 401 623 Vocula,
418 566 509 613 omissis
524 565 665 628 fugientium
671 566 749 627 tergis,

86 626 168 673 vallum
178 634 294 690 turresque
305 638 428 677 castrorum
436 632 539 693 angebat,
551 638 665 691 tamquam
672 644 757 676 nutris«

86 691 192 739 obsidium
210 695 339 741 immineret
344 712 353 752 3
377 694 482 757 corruptd
499 696 567 742 toties
584 692 756 749 victorianae

86 755 141 803 salso
153 766 270 820 suspectus
281 760 362 812 bellum
377 760 450 807 malle.
483 759 549 806 Nihil
562 774 627 820 aeque
637 759 750 806 exercitus

85 828 180 879 nostros,
197 838 265 883 quam
282 833 372 885 egestas
390 824 641 886 copiarum,2fatigalrat.
672 821 750 884 Impe-

86 886 183 933 dimeuta
192 888 309 949 legionum
320 903 370 935 cum
386 885 470 936 imbelli
480 887 544 935 turini
555 887 681 935 Novesiurn
693 888 747 934 mis·

85 966 115 1005 sa,
133 952 228 1004 atinde,
244 954 342 999 terrestri
349 953 434 1007 itinere,
451 953 589 1001 frumentum
596 953 746 1000 adveherent:

85 1030 137 1062 nam
157 1014 250 1062 flumine
268 1018 344 1063 hostes
361 1018 509 1079 potiebantur.
542 1018 644 1065 Primum
665 1032 748 1081 agmen

85 1094 189 1127 securum
197 1080 294 1133 incessit,
304 1082 405 1128 nondum
416 1081 542 1129 sacisdrmo
550 1080 642 1140 Civilc;
653 1084 697 1144 qui,
710 1083 747 1129 irbi

84 1159 163 1191 rursus
180 1145 260 1191 missos
270 1145 397 1192 chenium
403 1144 587 1202 frumentatores,
604 1148 711 1209 &tuque
724 1148 748 1193 in

83 1208 213 1271 praesidium
230 1211 346 1265 conones,-
357 1211 420 1257 velut
438 1209 510 1257 mrrlti
524 1226 587 1274 pecc,
600 1213 689 1274 ingredi
709 1226 747 1258 ac·

84 1274 151 1336 cepit,
168 1289 241 1321 rarum
259 1274 317 1337 apud
335 1275 401 1337 signa
410 1276 511 1331 militem,
528 1276 624 1323 armain
634 1276 749 1331 vehiculis,

83 1345 177 1386 cunctos
187 1338 277 1387 licentia
286 1354 365 1401 vagos,
382 1342 520 1401 compositus
528 1340 631 1397 invadit3
646 1341 749 1403 pramis-

83 1405 121 1460 sis,
137 1405 266 1468 qnipontes
277 1406 397 1452 striarum
411 1413 508 1468 angam
522 1404 651 1453 insiderent.
683 1404 748 1467 Pug-

41 1475 49 1486 ”
82 1477 163 1516 natum
179 1469 251 1530 longo
266 1469 356 1532 agmine
370 1477 393 1517 et
405 1472 494 1518 incerto
505 1471 589 1526 Marte,
605 1472 748 1532 donecproe·

81 1535 138 1581 lium
151 1547 198 1579 nox
209 1534 328 1580 dirimeret.
359 1533 472 1584 Cohortes
483 1537 609 1592 Geldubam
623 1533 750 1597 perrexdre,

81 1598 241 1656 manentibus,
250 1605 275 1644 ut
289 1597 383 1656 fuerant,
401 1602 486 1658 caetris,
503 1617 554 1662 quae
564 1601 693 1647 relictnmm
703 1599 750 1645 illic

81 1663 181 1710 militum
203 1663 307 1724 prasidio
324 1665 464 1713 tenebantur.
503 1665 559 1712 Non
582 1671 630 1712 etat
650 1664 748 1718 dubiam,

80 1734 191 1789 quantum
203 1729 341 1791 integrescit
348 1731 482 1778 discriminis
492 1729 617 1778 adeuntium
624 1729 689 1782 toret,
700 1727 748 1774 fru-

81 1794 244 1840 mentatoribus
261 1795 348 1842 onustis
364 1795 523 1858 perculsisque.
555 1795 626 1842 Addit
640 1794 749 1841 exercitui

81 1873 124 1905 suo
140 1858 230 1905 Vocula
240 1859 301 1904 mille
315 1859 413 1907 delectas
426 1875 440 1908 e
455 1861 533 1922 quinat
547 1869 571 1908 et
583 1857 750 1922 qutnndecimt

79 1922 214 1986 legionibus,
227 1925 284 1985 apud
296 1923 381 1972 Vetera
390 1927 495 1982 obsessis,
505 1926 637 1973 indomitum
645 1925 748 1980 militem,

82 1995 106 2034 et
126 1987 220 2034 ducibus
238 1988 359 2036 insensum.
399 1989 487 2045 Plures,
503 2005 569 2052 quam
584 1993 673 2053 jussum
693 1995 747 2042 ⁸181,

78 2051 183 2114 profecti,
201 2054 277 2114 palam
289 2055 313 2100 in
329 2055 420 2116 agmine
435 2055 566 2110 sternebant,
583 2069 630 2101 non
646 2069 671 2099 se
690 2051 749 2098 ultra

79 2117 173 2171 sarnem,
190 2117 281 2166 insidias
291 2119 426 2180 legatorum,
436 2119 577 2166 toleraturos.
610 2119 650 2173 At,
662 2117 700 2177 qui
711 2130 748 2162 re·

79 2188 219 2236 manserant,
231 2183 330 2230 desertos
341 2199 374 2241 se,
386 2183 481 2230 abducti
490 2192 553 2246 parte
562 2185 684 2246 legionum,
693 2195 748 2244 que·

79 2248 199 2294 rebantur..
229 2246 322 2310 Duplex
341 2249 394 2294 hinc
412 2249 508 2306 sediti03
525 2249 574 2296 aliis
592 2247 750 2296 revocantibus
852 2255 857 2267 ¹

79 2309 204 2364 Voculam,
221 2312 269 2358 aliis
280 2313 351 2359 redire
362 2314 385 2359 in
396 2321 471 2360 castra
480 2315 633 2361 abnuentibus.

112 2375 240 2423 XXXVI.
251 2375 347 2424 Interim
356 2376 437 2426 Civilis
445 2379 532 2426 Vetera
538 2376 687 2426 circumsedit.
697 2373 748 2422 Vo-

76 2441 131 2488 crrls
152 2442 287 2498 Geldubam,
311 2449 378 2504 atque
398 2443 452 2490 inde
472 2443 607 2497 novesium,
630 2442 750 2490 concessit.

75 2505 165 2555 Civilia
172 2507 232 2568 capit
246 2507 379 2554 Geldubam.
405 2508 474 2562 Mon,
483 2509 544 2556 hand
553 2507 631 2568 procul
641 2505 750 2575 Novasin,

73 2571 179 2633 equestri
189 2571 270 2634 proelio
280 2587 386 2634 prospere
396 2573 498 2618 certavit.
515 2572 561 2618 Sed
571 2571 636 2616 miles
647 2566 752 2614 secundrt

71 2637 232 2698 &vermeque
241 2637 333 2700 perinde
349 2637 374 2682 in
384 2635 479 2682 exitium
490 2636 573 2682 ducum
583 2629 753 2680 accendebatur·
