1834 2900
144 128 455 185 ros·HlsTOR1ARUM
464 132 558 182 Lan.
566 132 626 184 cu.
634 137 688 183 101.
699 138 759 182 nc,
766 143 819 183 eos:

119 290 123 297 ·
143 266 260 313 tinendnnr
277 266 381 313 laborem
392 264 473 323 milea'
483 273 546 313 tanto
563 266 591 312 ad
601 265 723 312 discordias
733 279 812 326 prom·

143 332 194 377 tier.
227 331 357 377 Accedebat
372 332 416 377 huc
430 330 531 380 Caecinae
541 331 632 377 ambitio
643 338 724 384 vetus,-
733 337 813 391 torpor

117 420 120 426 .
145 410 230 449 recens,
247 394 316 442 nimii
330 394 428 443 fortunae
442 394 582 457 indulgendi
596 395 665 442 soluti
679 394 808 442 inlusum:

122 486 124 491 v
145 476 186 507 eeu
202 458 316 522 perfidiam
332 461 462 508 meditantis
478 460 600 523 infringere
612 460 725 506 exercitlls
737 460 811 505 virtu·

144 532 198 579 tem,
221 526 280 571 inter
301 533 361 573 artes
382 534 437 572 erat.
470 523 591 574 Credidere
608 525 715 586 plerique,
738 521 812 571 Flaui

145 590 222 637 Sabini
230 591 329 637 consiliis
337 605 473 637 concussam
484 588 584 638 Caeeinae
592 596 697 642 mentem,
707 589 812 636 ministro

143 670 273 703 sermonum
295 655 382 701 Rubrio
402 656 479 709 Gallo,
494 662 543 701 rata
564 654 623 716 apud
644 653 811 715 Vespasianum

124 720 192 766 -lore
211 729 276 781 pacta
291 720 435 767 transitionis.
467 719 540 766 Simul
557 720 659 765 odiorum
675 718 813 778 inuidiaeque·

145 800 200 847 erga
211 784 306 831 Fabium
317 783 437 831 Valentem
446 784 613 837 admonebatur,
630 790 656 829 ut
670 784 743 845 impar
752 782 812 844 apud

145 849 270 906 Vitellium,
287 850 496 911 gratiam-viresque
513 848 571 911 apud
587 863 672 895 norum
687 848 812 910 principem

185 922 240 961 aret.
804 935 810 958 ι

144 929 208 1027 13ηΟ.
225 976 319 1026 Caecina
330 979 455 1041 complexu
466 977 553 1025 Vitellii
569 978 641 1025 multo
658 992 710 1024 cum
726 978 814 1024 honore

146 1044 268 1105 digressus,
284 1049 371 1104 partem
383 1046 484 1105 equiturn
502 1043 530 1089 ad
544 1044 697 1104 occupandam
714 1040 813 1090 Cremo-

122 1126 124 1129 ·
145 1122 198 1153 nam
209 1108 331 1168 praemisit:
351 1122 406 1155 mox
416 1108 500 1155 vexilla
510 1115 602 1169 quartae,
612 1108 713 1162 decimae,
725 1114 749 1154 et
760 1122 813 1153 sex·

144 1172 270 1219 taede'cimae
285 1172 417 1234 legionums
433 1174 486 1220 dein
502 1174 581 1234 quinta
597 1178 622 1219 et
638 1172 815 1220 duoetvicesima
908 1189 909 1194 ¹

144 1243 244 1283 secutae:
263 1244 376 1298 postremo
394 1238 486 1300 agmine
502 1237 675 1285 undetricesima
688 1235 773 1298 Rapax
789 1242 814 1283 et

145 1302 218 1363 prima
234 1300 312 1349 Italica
329 1300 447 1356 incessere,
464 1317 516 1349 cum
533 1301 654 1349 vexillariis
670 1303 740 1348 trium
756 1294 812 1347 Bri·
908 1343 909 1348 ,

145 1368 286 1415 tanuicarum
303 1361 429 1429 legionum,
444 1374 467 1413 et
484 1367 562 1414 electis
576 1367 673 1413 auxiliis.
705 1365 814 1413 Profecto
908 1399 909 1402 η

147 1428 247 1486 cecina,
264 1432 353 1494 scripsit
363 1431 445 1480 Fabius
457 1431 544 1480 Valeas
554 1431 669 1487 exercitui,
685 1446 753 1494 quem
764 1431 815 1493 ipse

147 1497 286 1554 ductaverat,
301 1505 329 1545 ut
344 1499 367 1544 in
384 1499 466 1546 itinere
481 1498 622 1560 opperiretur
627 1513 635 1555 ;
653 1497 686 1543 sic
703 1497 745 1543 sibi
762 1511 815 1542 cum

76 1579 80 1582 ·
149 1559 243 1609 caecina
262 1563 407 1610 conuenisse:
434 1564 473 1623 qui
491 1577 599 1624 praesens,
622 1577 694 1622 eoque
711 1560 816 1616 validior,

148 1625 291 1674 immutatum
310 1627 333 1673 id
352 1627 476 1674 consilium*
489 1627 605 1682 (inritat
621 1627 738 1688 ingruenti
756 1625 817 1672 bello

146 1689 195 1738 toti
203 1694 262 1739 nrole
273 1699 433 1739 occurreretur.
450 1709 453 1730 2
466 1690 503 1757 Ita
510 1691 635 1739 accelerare
644 1691 747 1752 legiones
756 1688 816 1738 Cre·
908 1684 909 1741 i

146 1771 245 1811 monam,
262 1771 313 1818 pars
330 1755 453 1803 Hostiliam
469 1765 546 1819 petere
554 1758 643 1818 jusstes
662 1756 712 1817 ipse
721 1755 817 1801 Rauen·
908 1788 909 1797 ,

61 1861 64 1865 .
146 1835 200 1866 nam
224 1821 325 1876 devertit,
348 1828 461 1882 praetexto
479 1822 574 1869 classem
593 1821 734 1880 alloquendi:
760 1832 818 1866 mox
908 1850 909 1865 r

146 1883 237 1932 Patauii
248 1893 358 1932 secretum
371 1886 532 1948 componendae
542 1885 673 1948 proditionis
687 1885 817 1946 quaesitum.

140 1947 254 2010 'Namque
276 1947 378 1997 Lucilius
398 1950 491 2007 Bassus,
515 1959 568 2013 post
588 1949 746 2013 prefecturam
765 1949 817 2004 alae,

89 2008 101 2022 ⁸
146 2013 276 2062 Rauenmti
296 2016 363 2063 simul
380 2031 406 2064 ac
424 2015 551 2063 Misenensi
568 2015 675 2062 clomrlm
690 2030 704 2061 s
720 2013 818 2060 Vitellio

145 2081 287 2143 prepositus,
307 2082 367 2142 quod
384 2097 430 2128 non
448 2081 524 2128 statim
541 2079 698 2142 praefecturam
715 2077 820 2140 praetori
908 2070 909 2137 i

145 2146 240 2207 adeptus
256 2145 321 2202 foret,
337 2147 438 2208 iniquam
452 2145 589 2192 iracundiam
600 2142 715 2206 flagitiosi
724 2139 820 2206 perlidid
908 2144 909 2213 J

145 2210 307 2258 ulciscebaturs
327 2225 369 2256 nec
387 2211 438 2258 sciri
455 2215 538 2274 potest,
553 2210 677 2257 traxeritne
691 2206 819 2262 caeeimm,

147 2290 177 2321 an
198 2275 269 2338 (quod
288 2276 365 2321 evenit
382 2276 441 2323 inter
460 2277 539 2332 malos,
562 2281 630 2323 utet
649 2273 735 2322 similes
756 2269 816 2332 sint)
908 2304 909 2349 3

146 2339 225 2386 eadem
235 2339 287 2385 illos
297 2340 395 2400 prauitas
405 2341 527 2402 impulerit.

45 2449 47 2456 ,
148 2429 151 2432 -
187 2400 230 2450 CI.
258 2403 383 2465 Scriptores
401 2411 535 2467 temporum,
552 2405 598 2466 qui,
619 2404 728 2467 potiente
743 2416 821 2450 rerum

148 2464 230 2513 flavii
246 2466 321 2522 domo,
331 2484 333 2490 ¹
343 2471 484 2518 monimenta
498 2470 551 2517 belli
570 2470 821 2532 huJusce·eomposue·

147 2536 207 2585 runt,
224 2545 301 2578 curam
311 2535 372 2595 pacis
383 2542 407 2582 et
417 2549 518 2582 amorem
528 2535 656 2596 rdpubueae
665 2540 785 2596 corruptas
794 2533 822 2578 iu

145 2595 296 2644 adulationem
305 2613 390 2655 musas,
407 2597 531 2647 tradidisse.¹
558 2598 639 2656 Nobis,
651 2599 822 2661 superinsitam

144 2659 269 2719 levitatem,
281 2669 310 2720 et,
321 2665 412 2728 prodito
422 2662 503 2722 Galli,
515 2664 583 2714 rilem
594 2679 650 2720 mox¹
659 2662 739 2723 fidem,
747 2676 824 2714 wa·
