1834 2900
156 122 202 167 108
235 112 668 165 Htsuoutaaumrsmcsr.
676 122 697 165 9.
707 114 824 161 uenas.

148 246 237 312 juvere.
254 245 288 293 Et
297 246 428 310 interjectus
437 246 550 294 meruitne
558 262 600 309 per
610 246 724 295 Rhaetiam
734 245 821 296 Julius·

153 329 197 374 que
205 312 292 373 Alpesg
308 326 342 367 ac,
359 327 388 359 ue
403 313 505 373 pervium
516 310 555 358 illi
563 312 705 359 Genusuicis
715 312 820 359 exerciti·

151 379 194 425 bus
209 376 274 432 toret,
287 377 504 438 ·obsepserut:·quae
522 378 601 439 ignara
617 376 763 439 Vespasiano,
781 382 821 423 aut

150 443 235 489 vetita:
254 441 336 504 quippe
353 442 466 503 Aquileiae
481 442 529 488 sisti
544 442 634 495 bellum,
650 442 821 504 exspectarique

152 506 294 561 Mucianum,
299 507 406 569 jubebam
418 507 579 569 adjiciebatque
588 507 681 568 imperio
693 507 819 562 consilium,

151 572 241 635 quando
252 571 376 633 AEgyptus,
393 572 490 617 claustra
506 586 610 625 unnouae,
626 571 747 633 vectigalia
761 587 819 633 opu-

151 638 326 685 lentissimarum
343 636 508 699 provinciarum
520 636 679 688 obtinerentur,
695 650 764 697 posse
774 635 819 682 Vs-

150 703 205 750 tellii
216 702 339 749 exereitum
353 708 453 763 egestate
464 700 568 763 stipendii
577 699 730 761 frumentique
739 701 768 747 ad
779 701 819 747 de·

151 768 259 815 ditionem
271 765 350 827 subigi.
382 764 470 811 Eadem
482 765 603 813 Mucianus
620 766 703 812 crebris
718 765 820 827 epistolis

152 833 263 887 mouebat,
280 832 418 876 incruentam
433 836 456 875 et
468 830 516 877 siue
526 830 589 876 luctu
600 831 725 885 victoriam,
741 837 765 877 et
776 831 821 878 alia

151 894 306 959 hujuscemodi
322 895 482 955 praetexend03
498 894 537 941 sed
554 894 634 956 glorias
649 894 735 950 uvidus,
752 902 821 957 atque

152 976 219 1008 omne
229 960 281 1007 belii
292 960 360 1005 decus
371 959 412 1005 sibi
428 960 534 1007 retinens.
566 957 681 1007 Castorum
693 975 723 1006 ex
732 960 820 1006 distau-

151 1027 212 1072 tibus
221 1032 331 1070 terrarum
343 1024 425 1084 spatiis,
440 1025 537 1071 consilia
545 1032 597 1086 post
607 1040 644 1071 res
654 1024 809 1071 ailerebautsm

185 1088 231 1136 lx.
248 1087 323 1150 Igitur
338 1090 454 1149 repentino
469 1091 559 1136 incursu
576 1090 691 1136 Antonius
710 1091 821 1137 sunone·

151 1155 250 1201 hostium
266 1153 381 1215 irrumpit3
399 1155 533 1214 tentatisque
539 1154 584 1200 levi
591 1154 675 1216 proelio
685 1155 772 1210 animis,
789 1170 820 1202 ex

153 1234 218 1281 aequo
229 1219 359 1265 discessum.
392 1218 452 1265 Mox
461 1216 554 1265 Caecina
564 1219 623 1265 inter
633 1218 765 1274 Hostiliam,
782 1220 819 1266 vi·

152 1298 204 1331 eum
212 1283 386 1337 Veronensium,
397 1290 421 1329 et
430 1284 523 1347 paludes
528 1282 617 1330 Tartari
628 1282 735 1338 fluminis,
745 1291 820 1332 mur

151 1350 287 1413 permuniit3
312 1354 374 1395 tutus
392 1348 450 1404 loeo,
474 1363 526 1394 oum
544 1355 610 1410 terga
628 1348 727 1403 flumine,
748 1349 822 1397 latera

153 1416 242 1479 objectu
257 1413 344 1476 paludis
359 1420 496 1475 tegerentur.
530 1413 599 1468 Quod
610 1414 629 1460 si
639 1412 746 1462 adfuisset
755 1413 820 1470 fides,

153 1489 193 1528 sut
208 1479 302 1542 opprimi
318 1479 429 1526 universis
439 1477 614 1526 luteutsnomm
623 1479 708 1526 viribus
718 1480 771 1527 duae
785 1481 822 1527 le·

153 1547 242 1608 giones,
250 1545 350 1592 noudum
361 1544 482 1606 conjuncto
490 1544 590 1591 Moesico
597 1545 704 1599 exercitu,
711 1542 820 1606 potuim

153 1619 192 1658 sut
209 1617 270 1658 retro
286 1616 351 1665 outre,
368 1608 457 1656 deserti
474 1608 545 1665 ltalii,
561 1619 650 1672 turpem
666 1607 745 1672 fisgam
762 1625 822 1656 oon-

153 1677 279 1724 soivisseut.
312 1674 358 1722 Sed
377 1672 479 1732 Caecina,
500 1675 632 1736 pervarias
649 1689 731 1728 moras,
747 1675 823 1736 prims

151 1741 254 1788 hostibus
263 1739 361 1802 prodidit
371 1745 472 1801 tempora
478 1740 538 1795 belli,
553 1740 613 1795 dum,
625 1755 682 1800 quos
692 1739 761 1786 umis
770 1741 823 1802 pel·

152 1807 199 1853 lere
207 1813 320 1868 promtum
328 1811 383 1858 erat,
399 1805 500 1866 epistolis
507 1805 613 1866 increpat,
629 1805 701 1852 donec
711 1819 821 1867 pernun-

153 1872 197 1918 tios
212 1876 278 1932 paeto
293 1866 392 1930 perfidiae
406 1867 511 1916 firmaret
544 1867 639 1916 interim
657 1871 679 1916 A
710 1869 762 1917 nius
776 1870 821 1918 Sa·

153 1935 257 1983 turninus
276 1949 327 1980 curn
346 1933 437 1996 legione
455 1932 549 1996 septimi
567 1932 691 1983 Claudiana
712 1935 820 1983 sdveuits
905 1978 906 1985 ,

82 2017 85 2025 ’
153 2001 238 2064 legioni
255 1999 356 2046 tribunus
373 1997 499 2061 Vipstanus
514 1999 617 2047 Messala
634 2006 736 2061 praerat,
754 1999 823 2048 clusis

152 2067 280 2129 majoribus,
296 2065 402 2127 egregius
417 2065 472 2126 ipse,
489 2071 513 2111 et
528 2065 566 2126 qui
583 2065 645 2112 solus
661 2065 689 2112 ad
702 2065 726 2110 id
736 2063 823 2110 bellum

153 2141 213 2179 artes
230 2133 301 2178 bonas
317 2129 434 2176 attulisset.
467 2128 519 2176 Has
533 2129 562 2176 sd
579 2130 661 2191 copias,
677 2128 823 2190 nequinum

152 2195 284 2243 Vitellianis
298 2208 364 2256 pares
381 2195 475 2257 (quippe
491 2201 538 2241 tres
548 2194 620 2240 adhuc
630 2194 732 2256 legiones
742 2192 824 2255 erant)

152 2262 214 2308 misit
224 2257 331 2321 epistolas
341 2255 441 2314 Caeoins,
457 2259 606 2306 temeritatem
617 2259 750 2306 vicmanus
760 2265 822 2306 trao-

151 2326 258 2374 tuntium·
267 2324 385 2370 incusans:
404 2323 472 2368 simul
481 2323 554 2370 virtus
565 2323 697 2370 Gennauioi
707 2325 823 2370 nescitus
901 2368 902 2371 ,

151 2389 254 2439 laudibus
262 2386 418 2444 attollebatur;
431 2387 519 2434 Vitellii
528 2385 617 2434 modieis
624 2394 648 2434 et
658 2387 747 2449 vulgari
755 2403 822 2435 men·

151 2457 221 2508 tione,
238 2449 300 2498 nulli
309 2451 334 2497 in
345 2449 509 2512 Vespasianum
520 2450 669 2500 contumeliis
689 2453 746 2500 nihil
755 2467 823 2515 pror·

151 2535 197 2572 sus,
209 2517 270 2578 quod
280 2523 320 2562 aut
329 2527 483 2579 corrumperet
490 2518 636 2574 hostem-sut
644 2525 746 2565 tmreret.
766 2517 824 2566 Fis-
899 2540 900 2549 ¹

149 2586 267 2632 viansmm
283 2581 379 2644 partium
394 2581 470 2638 duces,
486 2581 570 2630 omissis
579 2583 661 2644 prioris
670 2583 771 2631 fortune
782 2585 826 2632 de·

149 2647 259 2706 tensione,
275 2661 317 2712 pso
328 2643 470 2712 Vespasiano
479 2647 606 2712 munitius,
621 2647 827 2713 procsusiddeu·
888 2694 895 2713 ,
