1834 2900
131 131 163 174 18
212 119 459 172 HISTORIARUM
470 117 550 168 Lis-I.
561 118 621 170 Car.
629 125 668 168 80.
679 121 709 161 U.
717 124 741 162 c.
750 128 798 164 aet

135 253 232 300 adscitus
250 267 314 310 sum;
331 267 375 313 quo
386 250 467 298 domtis
477 246 561 298 nosue
575 259 614 297 aut
627 248 753 312 reipublice
762 244 799 298 fa-

134 325 184 364 tum
191 318 215 364 in
225 315 299 364 vestri
309 331 376 362 manu
388 317 485 378 positum
496 324 545 372 est3
562 331 615 369 non,
631 316 683 375 quia
691 331 743 362 meo
754 328 798 362 ns·

135 383 198 428 mine
205 383 325 428 tristiorem
336 395 412 427 casum
422 395 523 443 paveam,
541 381 632 443 (utqui,
649 380 755 426 adversas
762 397 801 446 rea

136 453 247 508 apertus,
265 455 316 492 cum
327 447 425 492 maxime
435 446 525 499 discam,
543 459 572 490 ne
587 445 697 491 secundas
707 446 801 509 quidem

136 512 211 558 minus
222 511 354 557 discriminis
364 508 471 570 babcrc);
487 509 563 571 patris,
579 516 603 555 et
615 509 713 564 aenatlis,
730 517 754 556 et
763 511 800 588 ip-

136 576 183 623 sius
202 576 288 637 imperii
305 576 377 622 vicem
392 575 464 628 doleo,
482 575 499 620 si
518 575 581 621 nobis
597 580 635 620 aut
649 575 722 636 perire
733 575 801 622 bodre

136 651 230 688 neeesse
237 648 280 698 est,
291 647 336 693 aut
348 639 407 702 quod
418 653 481 699 aque
489 639 548 700 apud
554 639 625 685 bonos
635 639 743 684 miserum
753 647 799 699 est,

136 705 245 752 occidere.
279 705 387 752 Solatium
404 704 499 765 proximi
516 703 592 749 mottls
609 703 745 749 habebamus
763 705 800 751 iu-

136 775 252 816 cruentam
272 768 364 822 Urbem,
381 776 404 814 et
426 783 462 814 res
483 768 532 814 sine
553 766 800 818 discordiitranslatns.

137 833 257 882 Provisum
276 833 395 892 adoptione
411 833 531 886 videbatur,
548 838 573 878 ut
586 845 618 878 'ne
633 833 800 906 podede

136 898 225 960 quidem
235 897 293 943 bello
303 898 366 944 locus
377 909 444 943 esset.

180 961 264 1008 XXX.
292 969 307 992 ‘⁴
326 961 390 1008 Nihil
411 961 520 1022 arrogabo
541 961 595 1006 mibi
618 959 738 1010 nobilitatis
760 972 801 1012 aut

56 1029 59 1036 '
136 1026 267 1074 modestiaet
293 1041 366 1088 neque
386 1027 446 1072 enim
469 1026 539 1072 relatu
561 1027 669 1072 virtutum
689 1027 714 1072 in
736 1043 800 1075 com·

136 1092 250 1154 paratione
260 1090 357 1138 Othonis
368 1106 424 1150 opus
435 1098 476 1136 est.
508 1089 577 1144 Vitia,
593 1091 672 1150 quibua
683 1092 738 1138 solis
747 1093 800 1154 glo·

137 1157 211 1210 riatur,
228 1153 329 1202 evertere
344 1155 468 1216 imperium,
487 1155 553 1201 etiam
572 1170 623 1200 cum
640 1155 737 1202 amicum
755 1159 800 1203 im·

135 1221 243 1282 peratoris
253 1228 337 1283 ageret.
351 1265 354 1270 ,
371 1219 487 1266 Habitune
500 1227 524 1265 et
539 1220 636 1272 incessu,
652 1234 681 1265 aa
694 1221 734 1266 illo
748 1237 800 1268 mu·

136 1283 199 1331 liebri
210 1293 289 1332 ornatu
301 1291 423 1331 mereretur
433 1283 567 1344 imperium?
584 1281 709 1338 Falluntur‚
721 1287 802 1347 ‹psibm
816 1328 820 1336 .

137 1349 226 1396 luxuria
237 1351 310 1411 specie
320 1349 456 1397 liberalitatis
464 1349 566 1409 imponit.
584 1346 681 1395 Perdere
686 1350 729 1396 iste
737 1352 800 1406 sciet,

138 1413 221 1461 donare
232 1415 323 1462 nesciet.
355 1414 436 1475 Stupro
452 1427 512 1461 nunc
522 1420 546 1461 et
556 1411 724 1461 corrdssationes
735 1423 758 1462 et
765 1416 800 1464 le·

137 1480 247 1525 minarum
262 1486 335 1526 coetus
346 1480 417 1525 volvit
427 1480 515 1526 animo:
535 1479 584 1525 baec
593 1480 730 1540 principatus
739 1496 799 1542 prae·

137 1544 269 1604 miaputat3
287 1558 382 1604 quorum
398 1543 465 1589 libido
481 1557 507 1589 ac
522 1543 625 1605 voluptas
641 1558 710 1605 penes
724 1546 798 1606 ipsum

136 1608 252 1662 sit-rubor
262 1624 288 1655 ac
299 1610 394 1657 dedecus
404 1624 473 1669 penes
483 1623 568 1655 omnes.
599 1607 677 1653 Nemo
686 1609 747 1655 eninr
755 1626 799 1656 ua·

137 1687 204 1733 quam
212 1674 336 1735 imperium,
353 1673 438 1735 flagitio
446 1673 574 1732 quesitum,
590 1673 655 1719 bonis
666 1674 749 1721 artibus
759 1688 800 1726 ex·

137 1738 216 1784 ercuit.
232 1738 328 1785 Galbam
336 1752 458 1784 consensus
466 1738 556 1799 generis
564 1737 661 1790 humani,
672 1752 709 1783 sne
718 1739 799 1796 Galba,

138 1816 206 1849 conse
223 1803 405 1856 tieutibusvobis,
422 1800 609 1850 Caesaremdixit.
641 1802 665 1848 Si
677 1804 801 1864 respublica

135 1873 160 1913 ct
171 1880 181 1913 s
224 1875 261 1914 tus
271 1875 294 1914 et
301 1867 396 1929 populus
404 1867 633 1921 venanominasunt3
645 1874 726 1921 uestra,
735 1883 799 1914 com-

137 1933 256 1988 militones,
273 1932 374 1989 interest,
390 1946 419 1978 ne
435 1932 591 1992 imperatorem
607 1932 698 1992 pessimi
707 1932 800 1982 faciant.

137 1998 266 2061 Legionum
282 1997 361 2044 seditio
379 1997 497 2043 adversum
516 1996 583 2043 duces
602 2010 655 2042 suos
671 1996 746 2043 audita
764 2007 801 2045 est

137 2064 268 2125 aliquando:
288 2068 363 2109 vestra
374 2060 427 2109 tides
437 2060 541 2121 famaque
550 2060 621 2107 illese
630 2060 659 2106 ad
669 2061 729 2107 bunc
739 2061 799 2109 diem

137 2130 234 2175 mansit:
253 2134 276 2174 et
290 2126 354 2173 Nero
365 2140 453 2185 quoque
463 2140 506 2172 vos
515 2126 622 2178 destituit,
639 2139 684 2172 non
696 2141 738 2172 vos
749 2125 800 2174 Nc-

137 2208 223 2239 ronem.
254 2191 335 2237 Minus
346 2188 424 2236 XXX
433 2188 558 2252 transfugae
568 2197 591 2237 et
601 2190 731 2245 desertores,
743 2206 802 2251 quos

138 2257 290 2303 centurionem
302 2262 341 2301 aut
351 2254 464 2300 tribunum
474 2254 515 2301 sibi
526 2252 635 2317 eligentes
646 2270 714 2302 nemo
724 2254 800 2314 ferret,

137 2321 255 2383 imperium
276 2319 439 2381 assignabunt?
465 2319 590 2366 Admittitis
608 2320 754 2381 exemplum?
777 2328 802 2368 et

138 2383 273 2445 quiescendo
291 2396 410 2430 commune
427 2384 512 2430 crimen
530 2383 620 2429 facitis?
645 2382 803 2433 Transcendet

137 2450 187 2494 lraec
193 2448 284 2495 licentia
293 2448 318 2494 in
327 2448 469 2509 provinciam
480 2454 503 2494 et
513 2448 542 2494 ad
552 2462 595 2493 sos
602 2448 712 2494 scelerum
719 2456 802 2504 ntra,

136 2512 244 2559 bellorum
262 2512 352 2565 advos,
369 2512 519 2572 pertinebunt.
550 2510 601 2558 Nec
615 2520 650 2559 est
666 2514 724 2574 plus,
740 2515 802 2573 quod

135 2591 177 2637 pro
194 2576 256 2624 caede
272 2576 386 2638 principis,
403 2589 470 2635 quam
481 2575 541 2636 quod
550 2576 707 2622 innocentibus
717 2577 798 2625 daturc

136 2639 176 2685 sed
192 2641 283 2700 perinde
301 2656 315 2685 a
329 2640 393 2685 nobis
410 2639 541 2686 donativum
558 2640 588 2687 ob
603 2638 676 2695 iidem,
693 2654 761 2700 quam
772 2644 804 2688 ab

134 2704 182 2750 aliis
193 2720 233 2766 pro
244 2706 342 2752 facinore
352 2701 490 2764 accipietis.”
