<?xml version="1.0" encoding="UTF-8"?>
<!DOCTYPE html PUBLIC "-//W3C//DTD XHTML 1.0 Transitional//EN"
    "http://www.w3.org/TR/xhtml1/DTD/xhtml1-transitional.dtd">
<html xmlns="http://www.w3.org/1999/xhtml" xml:lang="en" lang="en">
 <head>
  <title>
</title>
<meta http-equiv="Content-Type" content="text/html;charset=utf-8" />
  <meta name='ocr-system' content='tesseract 3.04.00' />
  <meta name='ocr-capabilities' content='ocr_page ocr_carea ocr_par ocr_line ocrx_word'/>
</head>
<body>
  <div class='ocr_page' id='page_1' title='image "./opera02obergoog_0112.png"; bbox 0 0 1834 2900; ppageno 0'>
   <div class='ocr_carea' id='block_1_1' title="bbox 224 366 758 491">
    <p class='ocr_par' dir='ltr' id='par_1_1' title="bbox 224 366 758 491">
     <span class='ocr_line' id='line_1_1' title="bbox 224 366 758 491; baseline -0.007 -4"><span class='ocrx_word' id='word_1_1' title='bbox 224 432 225 437; x_wconf 77' lang='grc'>’</span> <span class='ocrx_word' id='word_1_2' title='bbox 260 414 300 487; x_wconf 87' lang='lat' dir='ltr'>C.</span> <span class='ocrx_word' id='word_1_3' title='bbox 316 416 542 486; x_wconf 90' lang='lat' dir='ltr'>CORNELII</span> <span class='ocrx_word' id='word_1_4' title='bbox 564 366 726 491; x_wconf 78' lang='lat' dir='ltr'>TACl&#39;l&#39;l</span> <span class='ocrx_word' id='word_1_5' title='bbox 752 429 758 483; x_wconf 80' lang='lat'><em>3</em></span> 
     </span>
    </p>
   </div>
   <div class='ocr_carea' id='block_1_2' title="bbox 184 604 768 696">
    <p class='ocr_par' dir='ltr' id='par_1_2' title="bbox 184 604 768 696">
     <span class='ocr_line' id='line_1_2' title="bbox 184 604 768 696; baseline 0.01 -7"><span class='ocrx_word' id='word_1_6' title='bbox 184 604 768 696; x_wconf 86' lang='lat' dir='ltr'><strong>·HISTORIARUM</strong></span> 
     </span>
    </p>
   </div>
   <div class='ocr_carea' id='block_1_3' title="bbox 264 814 633 867">
    <p class='ocr_par' dir='ltr' id='par_1_3' title="bbox 264 814 633 867">
     <span class='ocr_line' id='line_1_3' title="bbox 264 814 633 867; baseline 0.014 -6"><span class='ocrx_word' id='word_1_7' title='bbox 264 825 268 829; x_wconf 84' lang='lat'><em>&#39;</em></span> <span class='ocrx_word' id='word_1_8' title='bbox 352 814 459 863; x_wconf 85' lang='lat' dir='ltr'><strong>LIBER</strong></span> <span class='ocrx_word' id='word_1_9' title='bbox 475 816 633 867; x_wconf 82' lang='lat' dir='ltr'><strong>TERTIUS.</strong></span> 
     </span>
    </p>
   </div>
   <div class='ocr_carea' id='block_1_4' title="bbox 163 1217 832 1544">
    <p class='ocr_par' dir='ltr' id='par_1_4' title="bbox 164 1217 831 1365">
     <span class='ocr_line' id='line_1_4' title="bbox 164 1217 830 1300; baseline 0.009 -38"><span class='ocrx_word' id='word_1_10' title='bbox 164 1251 189 1299; x_wconf 79' lang='lat' dir='ltr'><strong>U</strong></span> <span class='ocrx_word' id='word_1_11' title='bbox 201 1249 222 1300; x_wconf 74' lang='lat' dir='ltr'><strong>c</strong></span> <span class='ocrx_word' id='word_1_12' title='bbox 237 1256 282 1299; x_wconf 64' lang='lat'>823</span> <span class='ocrx_word' id='word_1_13' title='bbox 356 1217 377 1264; x_wconf 93' lang='lat' dir='ltr'>I.</span> <span class='ocrx_word' id='word_1_14' title='bbox 393 1218 511 1267; x_wconf 76' lang='lat' dir='ltr'>Messon</span> <span class='ocrx_word' id='word_1_15' title='bbox 518 1221 565 1268; x_wconf 86' lang='lat' dir='ltr'>fato</span> <span class='ocrx_word' id='word_1_16' title='bbox 573 1220 660 1282; x_wconf 86' lang='lat' dir='ltr'>fideque</span> <span class='ocrx_word' id='word_1_17' title='bbox 669 1222 767 1283; x_wconf 80' lang='lat' dir='ltr'>partium</span> <span class='ocrx_word' id='word_1_18' title='bbox 777 1220 830 1268; x_wconf 80' lang='lat' dir='ltr'>Fla·</span> 
     </span>
     <span class='ocr_line' id='line_1_5' title="bbox 174 1284 831 1365; baseline 0.005 -35"><span class='ocrx_word' id='word_1_19' title='bbox 174 1284 197 1365; x_wconf 45' lang='lat' dir='ltr'>J·</span> <span class='ocrx_word' id='word_1_20' title='bbox 225 1284 231 1298; x_wconf 87' lang='lat'>&#39;</span> <span class='ocrx_word' id='word_1_21' title='bbox 285 1285 292 1299; x_wconf 74' lang='lat'>⁹</span> <span class='ocrx_word' id='word_1_22' title='bbox 324 1284 439 1331; x_wconf 70' lang='lat' dir='ltr'>arianarum</span> <span class='ocrx_word' id='word_1_23' title='bbox 454 1286 523 1332; x_wconf 88' lang='lat' dir='ltr'>duces</span> <span class='ocrx_word' id='word_1_24' title='bbox 533 1287 626 1333; x_wconf 88' lang='lat' dir='ltr'>consilia</span> <span class='ocrx_word' id='word_1_25' title='bbox 636 1286 687 1332; x_wconf 87' lang='lat' dir='ltr'>belli</span> <span class='ocrx_word' id='word_1_26' title='bbox 698 1288 831 1333; x_wconf 84' lang='lat' dir='ltr'>tractabant.</span> 
     </span>
    </p>

    <p class='ocr_par' dir='ltr' id='par_1_5' title="bbox 163 1348 832 1544">
     <span class='ocr_line' id='line_1_6' title="bbox 191 1348 832 1397; baseline 0.002 -1"><span class='ocrx_word' id='word_1_27' title='bbox 191 1348 197 1363; x_wconf 88' lang='lat'>&#39;</span> <span class='ocrx_word' id='word_1_28' title='bbox 227 1352 232 1364; x_wconf 88' lang='lat'>&#39;</span> <span class='ocrx_word' id='word_1_29' title='bbox 275 1351 280 1364; x_wconf 80' lang='lat'>⁸</span> <span class='ocrx_word' id='word_1_30' title='bbox 326 1349 474 1397; x_wconf 86' lang='lat' dir='ltr'>Petovionem</span> <span class='ocrx_word' id='word_1_31' title='bbox 483 1351 506 1397; x_wconf 89' lang='lat' dir='ltr'>in</span> <span class='ocrx_word' id='word_1_32' title='bbox 515 1352 607 1397; x_wconf 90' lang='lat' dir='ltr'>hiberna</span> <span class='ocrx_word' id='word_1_33' title='bbox 618 1352 786 1397; x_wconf 77' lang='lat' dir='ltr'>tertiaedecimae</span> <span class='ocrx_word' id='word_1_34' title='bbox 797 1352 832 1397; x_wconf 89' lang='lat' dir='ltr'>le·</span> 
     </span>
     <span class='ocr_line' id='line_1_7' title="bbox 163 1413 831 1478; baseline 0.003 -18"><span class='ocrx_word' id='word_1_35' title='bbox 163 1415 238 1477; x_wconf 82' lang='lat' dir='ltr'>gionis</span> <span class='ocrx_word' id='word_1_36' title='bbox 257 1422 422 1463; x_wconf 84' lang='lat' dir='ltr'>convenerant:</span> <span class='ocrx_word' id='word_1_37' title='bbox 441 1416 487 1462; x_wconf 88' lang='lat' dir='ltr'>illic</span> <span class='ocrx_word' id='word_1_38' title='bbox 505 1413 626 1478; x_wconf 69' lang='lat' dir='ltr'>agitavere,</span> <span class='ocrx_word' id='word_1_39' title='bbox 643 1416 771 1478; x_wconf 80' lang='lat' dir='ltr'>placeretne</span> <span class='ocrx_word' id='word_1_40' title='bbox 790 1417 831 1463; x_wconf 91' lang='lat' dir='ltr'>ob-</span> 
     </span>
     <span class='ocr_line' id='line_1_8' title="bbox 165 1478 832 1544; baseline 0.003 -18"><span class='ocrx_word' id='word_1_41' title='bbox 165 1479 219 1526; x_wconf 85' lang='lat' dir='ltr'>strui</span> <span class='ocrx_word' id='word_1_42' title='bbox 233 1478 357 1528; x_wconf 78' lang='lat' dir='ltr'>Pannoniae</span> <span class='ocrx_word' id='word_1_43' title='bbox 368 1480 447 1542; x_wconf 81' lang='lat' dir='ltr'>Alpes,</span> <span class='ocrx_word' id='word_1_44' title='bbox 464 1482 536 1528; x_wconf 90' lang='lat' dir='ltr'>donec</span> <span class='ocrx_word' id='word_1_45' title='bbox 547 1498 561 1529; x_wconf 91' lang='lat' dir='ltr'>a</span> <span class='ocrx_word' id='word_1_46' title='bbox 571 1490 636 1544; x_wconf 88' lang='lat' dir='ltr'>tergo</span> <span class='ocrx_word' id='word_1_47' title='bbox 647 1482 707 1528; x_wconf 87' lang='lat' dir='ltr'>vires</span> <span class='ocrx_word' id='word_1_48' title='bbox 717 1483 832 1528; x_wconf 78' lang='lat' dir='ltr'>universae</span> 
     </span>
    </p>
   </div>
   <div class='ocr_carea' id='block_1_5' title="bbox 96 1544 834 1608">
    <p class='ocr_par' dir='ltr' id='par_1_6' title="bbox 96 1544 834 1608">
     <span class='ocr_line' id='line_1_9' title="bbox 96 1544 834 1608; baseline 0.004 -18"><span class='ocrx_word' id='word_1_49' title='bbox 96 1587 102 1608; x_wconf 33' lang='grc' dir='ltr'>,Ι</span> <span class='ocrx_word' id='word_1_50' title='bbox 164 1553 341 1608; x_wconf 78' lang='lat' dir='ltr'>consurgerent3</span> <span class='ocrx_word' id='word_1_51' title='bbox 358 1559 387 1591; x_wconf 88' lang='lat' dir='ltr'>an</span> <span class='ocrx_word' id='word_1_52' title='bbox 397 1546 430 1592; x_wconf 87' lang='lat' dir='ltr'>ire</span> <span class='ocrx_word' id='word_1_53' title='bbox 440 1546 573 1600; x_wconf 88' lang='lat' dir='ltr'>comminus,</span> <span class='ocrx_word' id='word_1_54' title='bbox 585 1555 608 1594; x_wconf 90' lang='lat' dir='ltr'>et</span> <span class='ocrx_word' id='word_1_55' title='bbox 618 1554 703 1592; x_wconf 86' lang='lat' dir='ltr'>certare</span> <span class='ocrx_word' id='word_1_56' title='bbox 711 1561 752 1607; x_wconf 92' lang='lat' dir='ltr'>pro</span> <span class='ocrx_word' id='word_1_57' title='bbox 765 1544 834 1593; x_wconf 80' lang='lat' dir='ltr'>ltalib</span> 
     </span>
    </p>
   </div>
   <div class='ocr_carea' id='block_1_6' title="bbox 163 1610 907 2713">
    <p class='ocr_par' dir='ltr' id='par_1_7' title="bbox 163 1610 839 2320">
     <span class='ocr_line' id='line_1_10' title="bbox 164 1610 833 1674; baseline 0.001 -17"><span class='ocrx_word' id='word_1_58' title='bbox 164 1613 303 1658; x_wconf 82' lang='lat' dir='ltr'>constantius</span> <span class='ocrx_word' id='word_1_59' title='bbox 310 1610 379 1658; x_wconf 80' lang='lat' dir='ltr'>foret.</span> <span class='ocrx_word' id='word_1_60' title='bbox 410 1611 498 1664; x_wconf 81' lang='lat' dir='ltr'><strong>Quibus</strong></span> <span class='ocrx_word' id='word_1_61' title='bbox 509 1611 604 1674; x_wconf 87' lang='lat' dir='ltr'>opperiri</span> <span class='ocrx_word' id='word_1_62' title='bbox 615 1611 697 1658; x_wconf 79' lang='lat' dir='ltr'>auxilia</span> <span class='ocrx_word' id='word_1_63' title='bbox 707 1619 731 1657; x_wconf 91' lang='lat' dir='ltr'>et</span> <span class='ocrx_word' id='word_1_64' title='bbox 742 1613 833 1658; x_wconf 84' lang='lat' dir='ltr'>trabere</span> 
     </span>
     <span class='ocr_line' id='line_1_11' title="bbox 163 1675 833 1738; baseline 0 -16"><span class='ocrx_word' id='word_1_65' title='bbox 163 1677 246 1723; x_wconf 89' lang='lat' dir='ltr'>bellum</span> <span class='ocrx_word' id='word_1_66' title='bbox 259 1677 380 1730; x_wconf 82' lang='lat' dir='ltr'>videbatur,</span> <span class='ocrx_word' id='word_1_67' title='bbox 399 1675 584 1723; x_wconf 88' lang='lat' dir='ltr'>Germanicamm</span> <span class='ocrx_word' id='word_1_68' title='bbox 600 1677 714 1738; x_wconf 84' lang='lat' dir='ltr'>legionum</span> <span class='ocrx_word' id='word_1_69' title='bbox 733 1677 783 1722; x_wconf 82' lang='lat' dir='ltr'>vim</span> <span class='ocrx_word' id='word_1_70' title='bbox 799 1677 833 1722; x_wconf 80' lang='lat' dir='ltr'>fa·</span> 
     </span>
     <span class='ocr_line' id='line_1_12' title="bbox 164 1739 834 1802; baseline 0 -16"><span class='ocrx_word' id='word_1_71' title='bbox 164 1755 269 1802; x_wconf 83' lang='lat' dir='ltr'>mamque</span> <span class='ocrx_word' id='word_1_72' title='bbox 284 1741 428 1795; x_wconf 73' lang='lat' dir='ltr'>extollebant,</span> <span class='ocrx_word' id='word_1_73' title='bbox 445 1747 469 1786; x_wconf 91' lang='lat' dir='ltr'>et</span> <span class='ocrx_word' id='word_1_74' title='bbox 482 1741 599 1788; x_wconf 82' lang='lat' dir='ltr'>advenisse</span> <span class='ocrx_word' id='word_1_75' title='bbox 608 1755 664 1787; x_wconf 87' lang='lat' dir='ltr'>mox</span> <span class='ocrx_word' id='word_1_76' title='bbox 674 1756 725 1787; x_wconf 92' lang='lat' dir='ltr'>cum</span> <span class='ocrx_word' id='word_1_77' title='bbox 737 1739 834 1786; x_wconf 84' lang='lat' dir='ltr'>Vitellio</span> 
     </span>
     <span class='ocr_line' id='line_1_13' title="bbox 165 1803 833 1868; baseline 0.001 -18"><span class='ocrx_word' id='word_1_78' title='bbox 165 1803 291 1852; x_wconf 76' lang='lat' dir='ltr'>Britannici</span> <span class='ocrx_word' id='word_1_79' title='bbox 307 1806 419 1851; x_wconf 82' lang='lat' dir='ltr'>exercitiis</span> <span class='ocrx_word' id='word_1_80' title='bbox 430 1806 524 1852; x_wconf 87' lang='lat' dir='ltr'>robora:</span> <span class='ocrx_word' id='word_1_81' title='bbox 544 1807 598 1868; x_wconf 83' lang='lat' dir='ltr'>ipsis</span> <span class='ocrx_word' id='word_1_82' title='bbox 608 1821 650 1852; x_wconf 88' lang='lat' dir='ltr'>nec</span> <span class='ocrx_word' id='word_1_83' title='bbox 661 1820 781 1852; x_wconf 87' lang='lat' dir='ltr'>numerum</span> <span class='ocrx_word' id='word_1_84' title='bbox 792 1819 833 1867; x_wconf 81' lang='lat' dir='ltr'>pa·</span> 
     </span>
     <span class='ocr_line' id='line_1_14' title="bbox 166 1870 833 1931; baseline 0 -15"><span class='ocrx_word' id='word_1_85' title='bbox 166 1885 214 1916; x_wconf 87' lang='lat' dir='ltr'>rem</span> <span class='ocrx_word' id='word_1_86' title='bbox 222 1870 334 1930; x_wconf 88' lang='lat' dir='ltr'>pulsamm</span> <span class='ocrx_word' id='word_1_87' title='bbox 347 1884 418 1931; x_wconf 87' lang='lat' dir='ltr'>nuper</span> <span class='ocrx_word' id='word_1_88' title='bbox 428 1870 543 1931; x_wconf 84' lang='lat' dir='ltr'>legionum</span> <span class='ocrx_word' id='word_1_89' title='bbox 550 1886 559 1926; x_wconf 90' lang='lat'>;</span> <span class='ocrx_word' id='word_1_90' title='bbox 577 1878 607 1924; x_wconf 82' lang='lat' dir='ltr'>et,</span> <span class='ocrx_word' id='word_1_91' title='bbox 622 1885 756 1931; x_wconf 88' lang='lat' dir='ltr'>quamquam</span> <span class='ocrx_word' id='word_1_92' title='bbox 769 1877 833 1916; x_wconf 87' lang='lat' dir='ltr'>atro·</span> 
     </span>
     <span class='ocr_line' id='line_1_15' title="bbox 165 1935 834 1996; baseline -0.001 -15"><span class='ocrx_word' id='word_1_93' title='bbox 165 1935 221 1982; x_wconf 91' lang='lat' dir='ltr'>citer</span> <span class='ocrx_word' id='word_1_94' title='bbox 228 1935 380 1995; x_wconf 79' lang='lat' dir='ltr'>loquerentur,</span> <span class='ocrx_word' id='word_1_95' title='bbox 391 1935 500 1980; x_wconf 88' lang='lat' dir='ltr'>minorem</span> <span class='ocrx_word' id='word_1_96' title='bbox 513 1949 562 1981; x_wconf 85' lang='lat' dir='ltr'>esse</span> <span class='ocrx_word' id='word_1_97' title='bbox 573 1935 632 1996; x_wconf 88' lang='lat' dir='ltr'>apud</span> <span class='ocrx_word' id='word_1_98' title='bbox 639 1935 712 1982; x_wconf 81' lang='lat' dir='ltr'>victos</span> <span class='ocrx_word' id='word_1_99' title='bbox 723 1935 834 1981; x_wconf 88' lang='lat' dir='ltr'>animum.</span> 
     </span>
     <span class='ocr_line' id='line_1_16' title="bbox 167 1999 836 2062; baseline -0.003 -14"><span class='ocrx_word' id='word_1_100' title='bbox 167 1999 219 2055; x_wconf 86' lang='lat' dir='ltr'>Sed,</span> <span class='ocrx_word' id='word_1_101' title='bbox 235 1999 328 2046; x_wconf 74' lang='lat' dir='ltr'>insessio</span> <span class='ocrx_word' id='word_1_102' title='bbox 337 1999 428 2046; x_wconf 84' lang='lat' dir='ltr'>interim</span> <span class='ocrx_word' id='word_1_103' title='bbox 444 1999 547 2061; x_wconf 80' lang='lat' dir='ltr'>Alpibus,</span> <span class='ocrx_word' id='word_1_104' title='bbox 563 2007 684 2046; x_wconf 85' lang='lat' dir='ltr'>venturum</span> <span class='ocrx_word' id='word_1_105' title='bbox 695 2014 747 2046; x_wconf 87' lang='lat' dir='ltr'>cum</span> <span class='ocrx_word' id='word_1_106' title='bbox 763 2000 836 2062; x_wconf 86' lang='lat' dir='ltr'>copiis</span> 
     </span>
     <span class='ocr_line' id='line_1_17' title="bbox 166 2063 835 2126; baseline -0.004 -12"><span class='ocrx_word' id='word_1_107' title='bbox 166 2066 267 2114; x_wconf 83' lang='lat' dir='ltr'>Orientis</span> <span class='ocrx_word' id='word_1_108' title='bbox 288 2064 429 2112; x_wconf 86' lang='lat' dir='ltr'>Mucianum.</span> <span class='ocrx_word' id='word_1_109' title='bbox 462 2064 584 2124; x_wconf 78' lang='lat' dir='ltr'>Superesse</span> <span class='ocrx_word' id='word_1_110' title='bbox 605 2063 743 2126; x_wconf 72' lang='lat' dir='ltr'>Vespasiano</span> <span class='ocrx_word' id='word_1_111' title='bbox 762 2080 835 2120; x_wconf 86' lang='lat' dir='ltr'>mare,</span> 
     </span>
     <span class='ocr_line' id='line_1_18' title="bbox 164 2129 839 2190; baseline -0.007 -11"><span class='ocrx_word' id='word_1_112' title='bbox 164 2132 254 2184; x_wconf 80' lang='lat' dir='ltr'>classes,</span> <span class='ocrx_word' id='word_1_113' title='bbox 272 2130 345 2176; x_wconf 85' lang='lat' dir='ltr'>studia</span> <span class='ocrx_word' id='word_1_114' title='bbox 360 2129 532 2190; x_wconf 85' lang='lat' dir='ltr'>provinciarum,</span> <span class='ocrx_word' id='word_1_115' title='bbox 548 2138 590 2190; x_wconf 79' lang='lat' dir='ltr'>per&#39;</span> <span class='ocrx_word' id='word_1_116' title='bbox 599 2143 655 2190; x_wconf 85' lang='lat' dir='ltr'>quas</span> <span class='ocrx_word' id='word_1_117' title='bbox 664 2129 728 2175; x_wconf 88' lang='lat' dir='ltr'>velut</span> <span class='ocrx_word' id='word_1_118' title='bbox 743 2129 839 2176; x_wconf 86' lang='lat' dir='ltr'>alterius</span> 
     </span>
     <span class='ocr_line' id='line_1_19' title="bbox 164 2191 838 2244; baseline -0.003 -1"><span class='ocrx_word' id='word_1_119' title='bbox 164 2197 218 2244; x_wconf 90' lang='lat' dir='ltr'>belli</span> <span class='ocrx_word' id='word_1_120' title='bbox 229 2195 312 2242; x_wconf 87' lang='lat' dir='ltr'>molem</span> <span class='ocrx_word' id='word_1_121' title='bbox 323 2195 399 2241; x_wconf 76' lang='lat' dir='ltr'>cieret,</span> <span class='ocrx_word' id='word_1_122' title='bbox 432 2192 469 2239; x_wconf 93' lang='lat' dir='ltr'>Ita</span> <span class='ocrx_word' id='word_1_123' title='bbox 480 2194 561 2240; x_wconf 89' lang='lat' dir='ltr'>salubri</span> <span class='ocrx_word' id='word_1_124' title='bbox 572 2191 635 2241; x_wconf 74' lang='lat' dir='ltr'>mori</span> <span class='ocrx_word' id='word_1_125' title='bbox 646 2208 717 2240; x_wconf 82' lang='lat' dir='ltr'>novas</span> <span class='ocrx_word' id='word_1_126' title='bbox 725 2197 788 2241; x_wconf 85' lang='lat' dir='ltr'>vires</span> <span class='ocrx_word' id='word_1_127' title='bbox 795 2194 838 2241; x_wconf 81' lang='lat' dir='ltr'>ad·</span> 
     </span>
     <span class='ocr_line' id='line_1_20' title="bbox 165 2258 627 2320; baseline -0.009 -11"><span class='ocrx_word' id='word_1_128' title='bbox 165 2262 221 2313; x_wconf 80' lang='lat' dir='ltr'>lore.</span> <span class='ocrx_word' id='word_1_129' title='bbox 238 2267 262 2306; x_wconf 90' lang='lat' dir='ltr'>et</span> <span class='ocrx_word' id='word_1_130' title='bbox 272 2259 420 2320; x_wconf 84' lang='lat' dir='ltr'>praesentibus</span> <span class='ocrx_word' id='word_1_131' title='bbox 430 2258 486 2304; x_wconf 89' lang='lat' dir='ltr'>nibil</span> <span class='ocrx_word' id='word_1_132' title='bbox 496 2259 627 2319; x_wconf 85' lang='lat' dir='ltr'>periturum.</span> 
     </span>
    </p>

    <p class='ocr_par' dir='ltr' id='par_1_8' title="bbox 166 2322 907 2713">
     <span class='ocr_line' id='line_1_21' title="bbox 200 2322 839 2386; baseline -0.005 -15"><span class='ocrx_word' id='word_1_133' title='bbox 200 2324 234 2371; x_wconf 92' lang='lat'>11.</span> <span class='ocrx_word' id='word_1_134' title='bbox 252 2324 289 2370; x_wconf 83' lang='lat' dir='ltr'>nd</span> <span class='ocrx_word' id='word_1_135' title='bbox 307 2338 333 2369; x_wconf 88' lang='lat' dir='ltr'>eu</span> <span class='ocrx_word' id='word_1_136' title='bbox 351 2323 466 2369; x_wconf 86' lang='lat' dir='ltr'>Antonius</span> <span class='ocrx_word' id='word_1_137' title='bbox 483 2322 574 2369; x_wconf 86' lang='lat' dir='ltr'>Primus</span> <span class='ocrx_word' id='word_1_138' title='bbox 592 2325 623 2386; x_wconf 90' lang='lat' dir='ltr'>(is</span> <span class='ocrx_word' id='word_1_139' title='bbox 642 2323 765 2370; x_wconf 84' lang='lat' dir='ltr'>acerrimus</span> <span class='ocrx_word' id='word_1_140' title='bbox 784 2322 839 2369; x_wconf 92' lang='lat' dir='ltr'>belli</span> 
     </span>
     <span class='ocr_line' id='line_1_22' title="bbox 166 2386 840 2450; baseline -0.006 -12"><span class='ocrx_word' id='word_1_141' title='bbox 166 2386 303 2446; x_wconf 83' lang='lat' dir='ltr'>concitator)</span> <span class='ocrx_word' id='word_1_142' title='bbox 320 2387 487 2434; x_wconf 82' lang='lat' dir='ltr'>festinationem</span> <span class='ocrx_word' id='word_1_143' title='bbox 503 2389 557 2450; x_wconf 86' lang='lat' dir='ltr'>ipsis</span> <span class='ocrx_word' id='word_1_144' title='bbox 573 2389 658 2443; x_wconf 87' lang='lat' dir='ltr'>utilem,</span> <span class='ocrx_word' id='word_1_145' title='bbox 675 2388 771 2435; x_wconf 87' lang='lat' dir='ltr'>Vitellio</span> <span class='ocrx_word' id='word_1_146' title='bbox 787 2389 840 2434; x_wconf 82' lang='lat' dir='ltr'>exi-</span> 
     </span>
     <span class='ocr_line' id='line_1_23' title="bbox 166 2450 840 2514; baseline 0.003 -16"><span class='ocrx_word' id='word_1_147' title='bbox 166 2455 254 2506; x_wconf 78' lang='lat' dir='ltr'>tineam,</span> <span class='ocrx_word' id='word_1_148' title='bbox 278 2452 425 2498; x_wconf 48' lang='lat' dir='ltr'>disseruit*</span> <span class='ocrx_word' id='word_1_149' title='bbox 427 2450 502 2498; x_wconf 86' lang='lat' dir='ltr'>‘Plus</span> <span class='ocrx_word' id='word_1_150' title='bbox 520 2454 636 2507; x_wconf 79' lang='lat' dir='ltr'>socordiae,</span> <span class='ocrx_word' id='word_1_151' title='bbox 653 2469 721 2514; x_wconf 87' lang='lat' dir='ltr'>quam</span> <span class='ocrx_word' id='word_1_152' title='bbox 739 2452 840 2508; x_wconf 74' lang='lat' dir='ltr'>fiduciae,</span> 
     </span>
     <span class='ocr_line' id='line_1_24' title="bbox 166 2517 842 2597; baseline -0.001 -31"><span class='ocrx_word' id='word_1_153' title='bbox 166 2518 287 2566; x_wconf 83' lang='lat' dir='ltr'>accessisse</span> <span class='ocrx_word' id='word_1_154' title='bbox 305 2517 440 2563; x_wconf 85' lang='lat' dir='ltr'>victoribus.</span> <span class='ocrx_word' id='word_1_155' title='bbox 460 2519 611 2577; x_wconf 79' lang='lat' dir='ltr'>nequeenim</span> <span class='ocrx_word' id='word_1_156' title='bbox 630 2519 655 2564; x_wconf 87' lang='lat' dir='ltr'>in</span> <span class='ocrx_word' id='word_1_157' title='bbox 665 2519 793 2597; x_wconf 79' lang='lat' dir='ltr'>procinctu</span> <span class='ocrx_word' id='word_1_158' title='bbox 816 2526 842 2565; x_wconf 87' lang='lat' dir='ltr'>et</span> 
     </span>
     <span class='ocr_line' id='line_1_25' title="bbox 167 2579 843 2646; baseline 0 -15"><span class='ocrx_word' id='word_1_159' title='bbox 167 2583 247 2631; x_wconf 86' lang='lat' dir='ltr'>castris</span> <span class='ocrx_word' id='word_1_160' title='bbox 264 2581 364 2628; x_wconf 84' lang='lat' dir='ltr'>habitos:</span> <span class='ocrx_word' id='word_1_161' title='bbox 383 2597 423 2643; x_wconf 88' lang='lat' dir='ltr'>per</span> <span class='ocrx_word' id='word_1_162' title='bbox 439 2583 515 2627; x_wconf 89' lang='lat' dir='ltr'>omnia</span> <span class='ocrx_word' id='word_1_163' title='bbox 526 2579 599 2629; x_wconf 86' lang='lat' dir='ltr'>Italiae</span> <span class='ocrx_word' id='word_1_164' title='bbox 609 2583 731 2646; x_wconf 87' lang='lat' dir='ltr'>municipia</span> <span class='ocrx_word' id='word_1_165' title='bbox 740 2583 843 2637; x_wconf 76' lang='lat' dir='ltr'>desides,</span> 
     </span>
     <span class='ocr_line' id='line_1_26' title="bbox 167 2639 907 2713; baseline -0.001 -17"><span class='ocrx_word' id='word_1_166' title='bbox 167 2655 256 2696; x_wconf 83' lang='lat' dir='ltr'>tantum</span> <span class='ocrx_word' id='word_1_167' title='bbox 267 2640 391 2710; x_wconf 84' lang='lat' dir='ltr'>hospitibus</span> <span class='ocrx_word' id='word_1_168' title='bbox 401 2639 548 2694; x_wconf 86' lang='lat' dir='ltr'>metuendos·</span> <span class='ocrx_word' id='word_1_169' title='bbox 568 2655 653 2708; x_wconf 86' lang='lat' dir='ltr'>quanto</span> <span class='ocrx_word' id='word_1_170' title='bbox 670 2647 770 2697; x_wconf 81' lang='lat' dir='ltr'>ferocius</span> <span class='ocrx_word' id='word_1_171' title='bbox 786 2655 843 2696; x_wconf 86' lang='lat' dir='ltr'>ante</span> <span class='ocrx_word' id='word_1_172' title='bbox 906 2658 907 2713; x_wconf 65' lang='lat' dir='ltr'>i</span> 
     </span>
    </p>
   </div>
   <div class='ocr_carea' id='block_1_7' title="bbox 0 0 930 2900">
    <p class='ocr_par' dir='ltr' id='par_1_9' title="bbox 0 0 930 2900">
     <span class='ocr_line' id='line_1_27' title="bbox 0 0 930 2900; baseline 0 0"><span class='ocrx_word' id='word_1_173' title='bbox 0 0 930 2900; x_wconf 95' lang='lat' dir='ltr'> </span> 
     </span>
    </p>
   </div>
  </div>
 </body>
</html>
