<?xml version="1.0" encoding="UTF-8"?>
<!DOCTYPE html PUBLIC "-//W3C//DTD XHTML 1.0 Transitional//EN"
    "http://www.w3.org/TR/xhtml1/DTD/xhtml1-transitional.dtd">
<html xmlns="http://www.w3.org/1999/xhtml" xml:lang="en" lang="en">
 <head>
  <title>
</title>
<meta http-equiv="Content-Type" content="text/html;charset=utf-8" />
  <meta name='ocr-system' content='tesseract 3.04.00' />
  <meta name='ocr-capabilities' content='ocr_page ocr_carea ocr_par ocr_line ocrx_word'/>
</head>
<body>
  <div class='ocr_page' id='page_1' title='image "./opera02obergoog_0071.png"; bbox 0 0 1834 2900; ppageno 0'>
   <div class='ocr_carea' id='block_1_1' title="bbox 80 113 748 168">
    <p class='ocr_par' dir='ltr' id='par_1_1' title="bbox 80 113 748 168">
     <span class='ocr_line' id='line_1_1' title="bbox 80 113 748 168; baseline 0.016 -11"><span class='ocrx_word' id='word_1_1' title='bbox 80 117 127 157; x_wconf 87' lang='lat' dir='ltr'><strong>J.c</strong></span> <span class='ocrx_word' id='word_1_2' title='bbox 143 123 177 164; x_wconf 78' lang='lat' dir='ltr'><strong>tc.</strong></span> <span class='ocrx_word' id='word_1_3' title='bbox 196 113 662 168; x_wconf 66' lang='lat' dir='ltr'><strong>nisuonlnnumlmltcruua.</strong></span> <span class='ocrx_word' id='word_1_4' title='bbox 715 125 748 168; x_wconf 76' lang='lat'><strong>6³</strong></span> 
     </span>
    </p>
   </div>
   <div class='ocr_carea' id='block_1_2' title="bbox 76 245 748 1086">
    <p class='ocr_par' dir='ltr' id='par_1_2' title="bbox 77 245 748 371">
     <span class='ocr_line' id='line_1_2' title="bbox 77 245 748 309; baseline 0.01 -18"><span class='ocrx_word' id='word_1_5' title='bbox 77 245 134 292; x_wconf 91' lang='lat' dir='ltr'><strong>lium</strong></span> <span class='ocrx_word' id='word_1_6' title='bbox 157 247 294 295; x_wconf 73' lang='lat' dir='ltr'>celebrantes</span> <span class='ocrx_word' id='word_1_7' title='bbox 312 247 464 309; x_wconf 79' lang='lat' dir='ltr'><strong>errlpantesre,</strong></span> <span class='ocrx_word' id='word_1_8' title='bbox 488 250 625 297; x_wconf 71' lang='lat' dir='ltr'><strong>uberioribus</strong></span> <span class='ocrx_word' id='word_1_9' title='bbox 644 251 703 297; x_wconf 85' lang='lat' dir='ltr'><strong>iuter</strong></span> <span class='ocrx_word' id='word_1_10' title='bbox 721 265 748 298; x_wconf 86' lang='lat' dir='ltr'><strong>se</strong></span> 
     </span>
     <span class='ocr_line' id='line_1_3' title="bbox 78 311 544 371; baseline 0.009 -15"><span class='ocrx_word' id='word_1_11' title='bbox 78 311 168 371; x_wconf 77' lang='lat' dir='ltr'>probris</span> <span class='ocrx_word' id='word_1_12' title='bbox 178 326 245 371; x_wconf 87' lang='lat' dir='ltr'><strong>quam</strong></span> <span class='ocrx_word' id='word_1_13' title='bbox 257 313 357 358; x_wconf 74' lang='lat' dir='ltr'><strong>laurbbus</strong></span> <span class='ocrx_word' id='word_1_14' title='bbox 368 313 544 360; x_wconf 65' lang='lat' dir='ltr'><strong>stimulabatur.</strong></span> 
     </span>
    </p>

    <p class='ocr_par' dir='ltr' id='par_1_3' title="bbox 76 373 747 1086">
     <span class='ocr_line' id='line_1_4' title="bbox 113 373 746 442; baseline 0.011 -22"><span class='ocrx_word' id='word_1_15' title='bbox 113 373 202 421; x_wconf 80' lang='lat' dir='ltr'><strong>XXII.</strong></span> <span class='ocrx_word' id='word_1_16' title='bbox 218 376 318 423; x_wconf 83' lang='lat' dir='ltr'>Vixdum</span> <span class='ocrx_word' id='word_1_17' title='bbox 336 383 387 424; x_wconf 84' lang='lat' dir='ltr'><strong>orto</strong></span> <span class='ocrx_word' id='word_1_18' title='bbox 404 377 445 432; x_wconf 86' lang='lat' dir='ltr'><strong>die,</strong></span> <span class='ocrx_word' id='word_1_19' title='bbox 462 380 528 440; x_wconf 87' lang='lat' dir='ltr'><strong>plenu</strong></span> <span class='ocrx_word' id='word_1_20' title='bbox 545 381 746 442; x_wconf 62' lang='lat' dir='ltr'><strong>propugnatoribus</strong></span> 
     </span>
     <span class='ocr_line' id='line_1_5' title="bbox 79 441 744 505; baseline 0.006 -19"><span class='ocrx_word' id='word_1_21' title='bbox 79 441 180 487; x_wconf 79' lang='lat' dir='ltr'><strong>moeniu:</strong></span> <span class='ocrx_word' id='word_1_22' title='bbox 199 441 311 503; x_wconf 80' lang='lat' dir='ltr'><strong>fulgentes</strong></span> <span class='ocrx_word' id='word_1_23' title='bbox 322 443 389 488; x_wconf 77' lang='lat' dir='ltr'><strong>arinis</strong></span> <span class='ocrx_word' id='word_1_24' title='bbox 400 443 499 502; x_wconf 77' lang='lat' dir='ltr'><strong>virisque</strong></span> <span class='ocrx_word' id='word_1_25' title='bbox 509 445 587 505; x_wconf 83' lang='lat' dir='ltr'><strong>campi,</strong></span> <span class='ocrx_word' id='word_1_26' title='bbox 605 445 699 492; x_wconf 85' lang='lat' dir='ltr'><strong>densum</strong></span> <span class='ocrx_word' id='word_1_27' title='bbox 710 445 744 491; x_wconf 79' lang='lat' dir='ltr'><strong>Ie·</strong></span> 
     </span>
     <span class='ocr_line' id='line_1_6' title="bbox 78 505 745 569; baseline 0.009 -19"><span class='ocrx_word' id='word_1_28' title='bbox 78 505 176 566; x_wconf 84' lang='lat' dir='ltr'><strong>gionnm</strong></span> <span class='ocrx_word' id='word_1_29' title='bbox 198 515 286 568; x_wconf 86' lang='lat' dir='ltr'><strong>agmen,</strong></span> <span class='ocrx_word' id='word_1_30' title='bbox 310 523 386 569; x_wconf 83' lang='lat' dir='ltr'><strong>sparos</strong></span> <span class='ocrx_word' id='word_1_31' title='bbox 405 509 540 554; x_wconf 73' lang='lat' dir='ltr'><strong>auxiliorum</strong></span> <span class='ocrx_word' id='word_1_32' title='bbox 557 514 644 564; x_wconf 75' lang='lat' dir='ltr'><strong>manus,</strong></span> <span class='ocrx_word' id='word_1_33' title='bbox 666 510 745 557; x_wconf 86' lang='lat' dir='ltr'><strong>nltiors</strong></span> 
     </span>
     <span class='ocr_line' id='line_1_7' title="bbox 79 572 746 634; baseline 0.009 -20"><span class='ocrx_word' id='word_1_34' title='bbox 79 578 197 616; x_wconf 85' lang='lat' dir='ltr'><strong>murorum</strong></span> <span class='ocrx_word' id='word_1_35' title='bbox 212 572 300 633; x_wconf 74' lang='lat' dir='ltr'><strong>sagittis</strong></span> <span class='ocrx_word' id='word_1_36' title='bbox 317 579 356 618; x_wconf 90' lang='lat' dir='ltr'><strong>aut</strong></span> <span class='ocrx_word' id='word_1_37' title='bbox 367 572 427 619; x_wconf 84' lang='lat' dir='ltr'><strong>saxis</strong></span> <span class='ocrx_word' id='word_1_38' title='bbox 437 573 562 629; x_wconf 88' lang='lat' dir='ltr'><strong>incessere;</strong></span> <span class='ocrx_word' id='word_1_39' title='bbox 580 573 689 634; x_wconf 86' lang='lat' dir='ltr'><strong>neglecta,</strong></span> <span class='ocrx_word' id='word_1_40' title='bbox 706 581 746 620; x_wconf 90' lang='lat' dir='ltr'><strong>aut</strong></span> 
     </span>
     <span class='ocr_line' id='line_1_8' title="bbox 78 633 747 700; baseline 0.009 -21"><span class='ocrx_word' id='word_1_41' title='bbox 78 647 131 680; x_wconf 81' lang='lat' dir='ltr'><strong>aevu</strong></span> <span class='ocrx_word' id='word_1_42' title='bbox 153 633 213 683; x_wconf 82' lang='lat' dir='ltr'><strong>fluxu</strong></span> <span class='ocrx_word' id='word_1_43' title='bbox 234 637 360 682; x_wconf 87' lang='lat' dir='ltr'><strong>comminus</strong></span> <span class='ocrx_word' id='word_1_44' title='bbox 382 638 482 699; x_wconf 81' lang='lat' dir='ltr'><strong>aggredi.</strong></span> <span class='ocrx_word' id='word_1_45' title='bbox 522 636 633 699; x_wconf 86' lang='lat' dir='ltr'><strong>Ingeruut</strong></span> <span class='ocrx_word' id='word_1_46' title='bbox 652 639 747 700; x_wconf 82' lang='lat' dir='ltr'><strong>desuper</strong></span> 
     </span>
     <span class='ocr_line' id='line_1_9' title="bbox 80 697 746 764; baseline 0.005 -18"><span class='ocrx_word' id='word_1_47' title='bbox 80 697 203 747; x_wconf 80' lang='lat' dir='ltr'><strong>Othoniani</strong></span> <span class='ocrx_word' id='word_1_48' title='bbox 219 701 269 762; x_wconf 87' lang='lat' dir='ltr'><strong>pila,</strong></span> <span class='ocrx_word' id='word_1_49' title='bbox 284 701 363 748; x_wconf 84' lang='lat' dir='ltr'><strong>libratu</strong></span> <span class='ocrx_word' id='word_1_50' title='bbox 381 703 453 764; x_wconf 81' lang='lat' dir='ltr'><strong>magis</strong></span> <span class='ocrx_word' id='word_1_51' title='bbox 464 710 487 748; x_wconf 89' lang='lat' dir='ltr'><strong>et</strong></span> <span class='ocrx_word' id='word_1_52' title='bbox 498 710 559 748; x_wconf 89' lang='lat' dir='ltr'><strong>certo</strong></span> <span class='ocrx_word' id='word_1_53' title='bbox 570 702 623 757; x_wconf 89' lang='lat' dir='ltr'><strong>ictu,</strong></span> <span class='ocrx_word' id='word_1_54' title='bbox 639 703 746 749; x_wconf 85' lang='lat' dir='ltr'><strong>adversus</strong></span> 
     </span>
     <span class='ocr_line' id='line_1_10' title="bbox 78 765 745 822; baseline 0.003 -12"><span class='ocrx_word' id='word_1_55' title='bbox 78 771 165 810; x_wconf 89' lang='lat' dir='ltr'><strong>temere</strong></span> <span class='ocrx_word' id='word_1_56' title='bbox 176 765 297 812; x_wconf 85' lang='lat' dir='ltr'><strong>subeuntes</strong></span> <span class='ocrx_word' id='word_1_57' title='bbox 308 767 413 813; x_wconf 88' lang='lat' dir='ltr'><strong>cohortes</strong></span> <span class='ocrx_word' id='word_1_58' title='bbox 423 767 595 820; x_wconf 85' lang='lat' dir='ltr'><strong>Germanorum,</strong></span> <span class='ocrx_word' id='word_1_59' title='bbox 605 778 671 814; x_wconf 84' lang='lat' dir='ltr'><strong>cautu</strong></span> <span class='ocrx_word' id='word_1_60' title='bbox 680 768 745 822; x_wconf 92' lang='lat' dir='ltr'><strong>truci,</strong></span> 
     </span>
     <span class='ocr_line' id='line_1_11' title="bbox 76 831 746 893; baseline 0.006 -18"><span class='ocrx_word' id='word_1_61' title='bbox 76 837 101 874; x_wconf 87' lang='lat' dir='ltr'><strong>et</strong></span> <span class='ocrx_word' id='word_1_62' title='bbox 113 845 176 876; x_wconf 93' lang='lat' dir='ltr'><strong>more</strong></span> <span class='ocrx_word' id='word_1_63' title='bbox 186 831 259 892; x_wconf 85' lang='lat' dir='ltr'><strong>patrio</strong></span> <span class='ocrx_word' id='word_1_64' title='bbox 270 831 336 876; x_wconf 78' lang='lat' dir='ltr'><strong>trudis</strong></span> <span class='ocrx_word' id='word_1_65' title='bbox 346 832 481 892; x_wconf 87' lang='lat' dir='ltr'><strong>corporibus,</strong></span> <span class='ocrx_word' id='word_1_66' title='bbox 490 847 556 893; x_wconf 84' lang='lat' dir='ltr'><strong>super</strong></span> <span class='ocrx_word' id='word_1_67' title='bbox 567 832 671 878; x_wconf 85' lang='lat' dir='ltr'><strong>humeros</strong></span> <span class='ocrx_word' id='word_1_68' title='bbox 682 839 746 879; x_wconf 84' lang='lat' dir='ltr'><strong>scuts</strong></span> 
     </span>
     <span class='ocr_line' id='line_1_12' title="bbox 77 893 744 958; baseline 0.006 -19"><span class='ocrx_word' id='word_1_69' title='bbox 77 895 234 954; x_wconf 84' lang='lat' dir='ltr'><strong>quatientium.</strong></span> <span class='ocrx_word' id='word_1_70' title='bbox 266 893 423 958; x_wconf 86' lang='lat' dir='ltr'><strong>Legiunarius,</strong></span> <span class='ocrx_word' id='word_1_71' title='bbox 431 895 513 956; x_wconf 89' lang='lat' dir='ltr'><strong>pluteis</strong></span> <span class='ocrx_word' id='word_1_72' title='bbox 524 904 546 942; x_wconf 86' lang='lat' dir='ltr'><strong>et</strong></span> <span class='ocrx_word' id='word_1_73' title='bbox 557 897 653 944; x_wconf 82' lang='lat' dir='ltr'><strong>crstr&#39;bus</strong></span> <span class='ocrx_word' id='word_1_74' title='bbox 664 903 744 952; x_wconf 85' lang='lat' dir='ltr'><strong>tectus,</strong></span> 
     </span>
     <span class='ocr_line' id='line_1_13' title="bbox 78 959 744 1024; baseline 0.005 -20"><span class='ocrx_word' id='word_1_75' title='bbox 78 959 166 1005; x_wconf 85' lang='lat' dir='ltr'><strong>subruit</strong></span> <span class='ocrx_word' id='word_1_76' title='bbox 187 974 271 1012; x_wconf 87' lang='lat' dir='ltr'><strong>muros,</strong></span> <span class='ocrx_word' id='word_1_77' title='bbox 296 961 386 1007; x_wconf 86' lang='lat' dir='ltr'><strong>instruit</strong></span> <span class='ocrx_word' id='word_1_78' title='bbox 407 975 521 1022; x_wconf 85' lang='lat' dir='ltr'><strong>aggerem,</strong></span> <span class='ocrx_word' id='word_1_79' title='bbox 547 961 638 1008; x_wconf 87' lang='lat' dir='ltr'><strong>molitur</strong></span> <span class='ocrx_word' id='word_1_80' title='bbox 659 969 744 1024; x_wconf 78' lang='lat' dir='ltr'><strong>portus.</strong></span> 
     </span>
     <span class='ocr_line' id='line_1_14' title="bbox 78 1021 744 1086; baseline 0 -14"><span class='ocrx_word' id='word_1_81' title='bbox 78 1021 168 1072; x_wconf 75' lang='lat' dir='ltr'><strong>conum</strong></span> <span class='ocrx_word' id='word_1_82' title='bbox 179 1025 307 1086; x_wconf 62' lang='lat' dir='ltr'><strong>praetoriani</strong></span> <span class='ocrx_word' id='word_1_83' title='bbox 318 1025 436 1086; x_wconf 86' lang='lat' dir='ltr'><strong>dispositos</strong></span> <span class='ocrx_word' id='word_1_84' title='bbox 447 1026 475 1070; x_wconf 84' lang='lat' dir='ltr'><strong>ud</strong></span> <span class='ocrx_word' id='word_1_85' title='bbox 486 1027 508 1071; x_wconf 86' lang='lat' dir='ltr'><strong>Id</strong></span> <span class='ocrx_word' id='word_1_86' title='bbox 519 1026 590 1086; x_wconf 91' lang='lat' dir='ltr'><strong>ipsum</strong></span> <span class='ocrx_word' id='word_1_87' title='bbox 601 1027 696 1073; x_wconf 84' lang='lat' dir='ltr'><strong>molares</strong></span> <span class='ocrx_word' id='word_1_88' title='bbox 707 1028 744 1072; x_wconf 89' lang='lat' dir='ltr'><strong>in-</strong></span> 
     </span>
    </p>
   </div>
   <div class='ocr_carea' id='block_1_3' title="bbox 77 1088 844 1152">
    <p class='ocr_par' dir='ltr' id='par_1_4' title="bbox 77 1088 844 1152">
     <span class='ocr_line' id='line_1_15' title="bbox 77 1088 844 1152; baseline 0.009 -18"><span class='ocrx_word' id='word_1_89' title='bbox 77 1089 144 1150; x_wconf 84' lang='lat' dir='ltr'><strong>genti</strong></span> <span class='ocrx_word' id='word_1_90' title='bbox 161 1088 261 1149; x_wconf 87' lang='lat' dir='ltr'><strong>pondere</strong></span> <span class='ocrx_word' id='word_1_91' title='bbox 271 1088 397 1151; x_wconf 76' lang='lat' dir='ltr'><strong>refragore</strong></span> <span class='ocrx_word' id='word_1_92' title='bbox 410 1091 559 1150; x_wconf 83' lang='lat' dir='ltr'><strong>provolvunt:</strong></span> <span class='ocrx_word' id='word_1_93' title='bbox 580 1105 630 1152; x_wconf 85' lang='lat' dir='ltr'><strong>pars</strong></span> <span class='ocrx_word' id='word_1_94' title='bbox 645 1093 743 1138; x_wconf 89' lang='lat' dir='ltr'><strong>subeun-</strong></span> <span class='ocrx_word' id='word_1_95' title='bbox 840 1133 844 1141; x_wconf 87' lang='grc'><em>,</em></span> 
     </span>
    </p>
   </div>
   <div class='ocr_carea' id='block_1_4' title="bbox 72 1153 809 2187">
    <p class='ocr_par' dir='ltr' id='par_1_5' title="bbox 75 1153 808 1847">
     <span class='ocr_line' id='line_1_16' title="bbox 76 1153 743 1217; baseline 0.006 -18"><span class='ocrx_word' id='word_1_96' title='bbox 76 1153 136 1199; x_wconf 86' lang='lat' dir='ltr'><strong>tium</strong></span> <span class='ocrx_word' id='word_1_97' title='bbox 155 1153 242 1211; x_wconf 89' lang='lat' dir='ltr'><strong>obruti;</strong></span> <span class='ocrx_word' id='word_1_98' title='bbox 259 1167 311 1215; x_wconf 82' lang='lat' dir='ltr'><strong>psrs</strong></span> <span class='ocrx_word' id='word_1_99' title='bbox 330 1153 412 1200; x_wconf 80' lang='lat' dir='ltr'><strong>confixi</strong></span> <span class='ocrx_word' id='word_1_100' title='bbox 430 1163 453 1200; x_wconf 91' lang='lat' dir='ltr'><strong>et</strong></span> <span class='ocrx_word' id='word_1_101' title='bbox 470 1169 602 1217; x_wconf 77' lang='lat' dir='ltr'><strong>exsangues,</strong></span> <span class='ocrx_word' id='word_1_102' title='bbox 619 1157 743 1211; x_wconf 81' lang='lat' dir='ltr'><strong>autlnceri,</strong></span> 
     </span>
     <span class='ocr_line' id='line_1_17' title="bbox 76 1219 744 1280; baseline 0.004 -16"><span class='ocrx_word' id='word_1_103' title='bbox 76 1231 130 1264; x_wconf 88' lang='lat' dir='ltr'><strong>cum</strong></span> <span class='ocrx_word' id='word_1_104' title='bbox 143 1225 236 1280; x_wconf 78' lang='lat' dir='ltr'><strong>sugeret</strong></span> <span class='ocrx_word' id='word_1_105' title='bbox 247 1227 345 1280; x_wconf 87' lang='lat' dir='ltr'><strong>stragem</strong></span> <span class='ocrx_word' id='word_1_106' title='bbox 356 1219 479 1280; x_wconf 87' lang='lat' dir='ltr'><strong>trepidatio,</strong></span> <span class='ocrx_word' id='word_1_107' title='bbox 495 1235 568 1280; x_wconf 89' lang='lat' dir='ltr'><strong>eoque</strong></span> <span class='ocrx_word' id='word_1_108' title='bbox 577 1221 649 1266; x_wconf 88' lang='lat' dir='ltr'><strong>acrius</strong></span> <span class='ocrx_word' id='word_1_109' title='bbox 660 1237 673 1267; x_wconf 91' lang='lat' dir='ltr'><strong>e</strong></span> <span class='ocrx_word' id='word_1_110' title='bbox 683 1235 744 1267; x_wconf 84' lang='lat' dir='ltr'><strong>mre·</strong></span> 
     </span>
     <span class='ocr_line' id='line_1_18' title="bbox 77 1280 745 1346; baseline 0.004 -19"><span class='ocrx_word' id='word_1_111' title='bbox 77 1283 143 1328; x_wconf 89' lang='lat' dir='ltr'><strong>nibus</strong></span> <span class='ocrx_word' id='word_1_112' title='bbox 155 1283 331 1338; x_wconf 82' lang='lat' dir='ltr'><strong>vulnerarentur,</strong></span> <span class='ocrx_word' id='word_1_113' title='bbox 349 1280 441 1338; x_wconf 77' lang='lat' dir='ltr'><strong>rediire,</strong></span> <span class='ocrx_word' id='word_1_114' title='bbox 457 1283 551 1330; x_wconf 75' lang='lat' dir='ltr'><strong>infracti</strong></span> <span class='ocrx_word' id='word_1_115' title='bbox 566 1286 661 1346; x_wconf 89' lang='lat' dir='ltr'><strong>partium</strong></span> <span class='ocrx_word' id='word_1_116' title='bbox 677 1283 745 1331; x_wconf 70' lang='lat' dir='ltr'><strong>inuri.</strong></span> 
     </span>
     <span class='ocr_line' id='line_1_19' title="bbox 76 1345 745 1410; baseline 0.003 -17"><span class='ocrx_word' id='word_1_117' title='bbox 76 1346 110 1393; x_wconf 81' lang='lat' dir='ltr'><strong>Et</strong></span> <span class='ocrx_word' id='word_1_118' title='bbox 120 1345 219 1401; x_wconf 75' lang='lat' dir='ltr'><strong>Caecina,</strong></span> <span class='ocrx_word' id='word_1_119' title='bbox 236 1347 320 1410; x_wconf 84' lang='lat' dir='ltr'><strong>pudore</strong></span> <span class='ocrx_word' id='word_1_120' title='bbox 332 1356 412 1410; x_wconf 82' lang='lat' dir='ltr'><strong>coeptae</strong></span> <span class='ocrx_word' id='word_1_121' title='bbox 423 1354 509 1394; x_wconf 88' lang='lat' dir='ltr'><strong>temere</strong></span> <span class='ocrx_word' id='word_1_122' title='bbox 519 1349 696 1410; x_wconf 86' lang='lat' dir='ltr'><strong>oppugnationis,</strong></span> <span class='ocrx_word' id='word_1_123' title='bbox 706 1352 745 1396; x_wconf 87' lang='lat' dir='ltr'><strong>&#39;ue</strong></span> 
     </span>
     <span class='ocr_line' id='line_1_20' title="bbox 75 1412 744 1475; baseline 0.001 -15"><span class='ocrx_word' id='word_1_124' title='bbox 75 1412 155 1460; x_wconf 74' lang='lat' dir='ltr'><strong>irritus</strong></span> <span class='ocrx_word' id='word_1_125' title='bbox 167 1427 193 1459; x_wconf 85' lang='lat' dir='ltr'><strong>uc</strong></span> <span class='ocrx_word' id='word_1_126' title='bbox 204 1427 275 1460; x_wconf 81' lang='lat' dir='ltr'><strong>venus</strong></span> <span class='ocrx_word' id='word_1_127' title='bbox 286 1413 364 1460; x_wconf 84' lang='lat' dir='ltr'><strong>iisdem</strong></span> <span class='ocrx_word' id='word_1_128' title='bbox 373 1414 451 1461; x_wconf 83' lang='lat' dir='ltr'><strong>castris</strong></span> <span class='ocrx_word' id='word_1_129' title='bbox 463 1414 575 1469; x_wconf 81' lang='lat' dir='ltr'><strong>assideret,</strong></span> <span class='ocrx_word' id='word_1_130' title='bbox 592 1415 684 1475; x_wconf 81' lang='lat' dir='ltr'><strong>trajecto</strong></span> <span class='ocrx_word' id='word_1_131' title='bbox 693 1428 744 1461; x_wconf 91' lang='lat' dir='ltr'><strong>rur·</strong></span> 
     </span>
     <span class='ocr_line' id='line_1_21' title="bbox 76 1476 744 1541; baseline 0.004 -18"><span class='ocrx_word' id='word_1_132' title='bbox 76 1484 115 1524; x_wconf 83' lang='lat' dir='ltr'><strong>stre</strong></span> <span class='ocrx_word' id='word_1_133' title='bbox 139 1476 209 1531; x_wconf 85' lang='lat' dir='ltr'><strong>Pado,</strong></span> <span class='ocrx_word' id='word_1_134' title='bbox 233 1476 370 1525; x_wconf 84' lang='lat' dir='ltr'><strong>Cremonam</strong></span> <span class='ocrx_word' id='word_1_135' title='bbox 392 1485 468 1541; x_wconf 87' lang='lat' dir='ltr'><strong>petere</strong></span> <span class='ocrx_word' id='word_1_136' title='bbox 488 1478 590 1526; x_wconf 84' lang='lat' dir='ltr'><strong>intendit.</strong></span> <span class='ocrx_word' id='word_1_137' title='bbox 621 1477 744 1526; x_wconf 72' lang='lat' dir='ltr'><strong>Tradidire</strong></span> 
     </span>
     <span class='ocr_line' id='line_1_22' title="bbox 76 1541 808 1606; baseline 0.007 -19"><span class='ocrx_word' id='word_1_138' title='bbox 76 1554 129 1587; x_wconf 82' lang='lat' dir='ltr'><strong>sese</strong></span> <span class='ocrx_word' id='word_1_139' title='bbox 140 1542 229 1587; x_wconf 85' lang='lat' dir='ltr'><strong>abeunti</strong></span> <span class='ocrx_word' id='word_1_140' title='bbox 237 1542 344 1599; x_wconf 79' lang='lat' dir='ltr'><strong>Turuliun</strong></span> <span class='ocrx_word' id='word_1_141' title='bbox 356 1541 451 1591; x_wconf 85' lang='lat' dir='ltr'><strong>Cerialis</strong></span> <span class='ocrx_word' id='word_1_142' title='bbox 462 1559 513 1589; x_wconf 91' lang='lat' dir='ltr'><strong>cum</strong></span> <span class='ocrx_word' id='word_1_143' title='bbox 525 1544 673 1606; x_wconf 82' lang='lat' dir='ltr'><strong>compluribus</strong></span> <span class='ocrx_word' id='word_1_144' title='bbox 684 1545 743 1591; x_wconf 89' lang='lat' dir='ltr'><strong>clas·</strong></span> <span class='ocrx_word' id='word_1_145' title='bbox 804 1598 808 1606; x_wconf 19' lang='grc' dir='ltr'><strong>Ἴ</strong></span> 
     </span>
     <span class='ocr_line' id='line_1_23' title="bbox 76 1604 744 1670; baseline 0.003 -17"><span class='ocrx_word' id='word_1_146' title='bbox 76 1606 144 1663; x_wconf 80' lang='lat' dir='ltr'><strong>sicis3</strong></span> <span class='ocrx_word' id='word_1_147' title='bbox 163 1614 185 1653; x_wconf 89' lang='lat' dir='ltr'><strong>et</strong></span> <span class='ocrx_word' id='word_1_148' title='bbox 192 1604 267 1655; x_wconf 78' lang='lat' dir='ltr'><strong>Julius</strong></span> <span class='ocrx_word' id='word_1_149' title='bbox 278 1606 424 1669; x_wconf 81' lang='lat' dir='ltr'><strong>Briganticus</strong></span> <span class='ocrx_word' id='word_1_150' title='bbox 433 1624 484 1654; x_wconf 91' lang='lat' dir='ltr'><strong>cunr</strong></span> <span class='ocrx_word' id='word_1_151' title='bbox 494 1610 570 1670; x_wconf 78' lang='lat' dir='ltr'><strong>pnucts</strong></span> <span class='ocrx_word' id='word_1_152' title='bbox 578 1609 692 1669; x_wconf 86' lang='lat' dir='ltr'><strong>equitumr</strong></span> <span class='ocrx_word' id='word_1_153' title='bbox 707 1608 744 1655; x_wconf 90' lang='lat' dir='ltr'><strong>hic</strong></span> 
     </span>
     <span class='ocr_line' id='line_1_24' title="bbox 75 1671 743 1734; baseline 0.001 -17"><span class='ocrx_word' id='word_1_154' title='bbox 75 1671 198 1733; x_wconf 80' lang='lat' dir='ltr'><strong>prset&#39;ectus</strong></span> <span class='ocrx_word' id='word_1_155' title='bbox 209 1672 257 1727; x_wconf 83' lang='lat' dir='ltr'><strong>alte,</strong></span> <span class='ocrx_word' id='word_1_156' title='bbox 275 1672 298 1718; x_wconf 93' lang='lat' dir='ltr'><strong>in</strong></span> <span class='ocrx_word' id='word_1_157' title='bbox 316 1672 408 1719; x_wconf 86' lang='lat' dir='ltr'><strong>Batavis</strong></span> <span class='ocrx_word' id='word_1_158' title='bbox 424 1674 529 1734; x_wconf 78' lang='lat' dir='ltr'><strong>genitus3</strong></span> <span class='ocrx_word' id='word_1_159' title='bbox 546 1673 586 1719; x_wconf 90' lang='lat' dir='ltr'><strong>ille</strong></span> <span class='ocrx_word' id='word_1_160' title='bbox 595 1673 743 1734; x_wconf 86' lang='lat' dir='ltr'><strong>primipilaris,</strong></span> 
     </span>
     <span class='ocr_line' id='line_1_25' title="bbox 75 1735 744 1798; baseline 0.003 -15"><span class='ocrx_word' id='word_1_161' title='bbox 75 1742 99 1783; x_wconf 90' lang='lat' dir='ltr'><strong>et</strong></span> <span class='ocrx_word' id='word_1_162' title='bbox 112 1735 212 1784; x_wconf 77' lang='lat' dir='ltr'><strong>caecinae</strong></span> <span class='ocrx_word' id='word_1_163' title='bbox 223 1736 283 1783; x_wconf 87' lang='lat' dir='ltr'><strong>haud</strong></span> <span class='ocrx_word' id='word_1_164' title='bbox 294 1737 386 1793; x_wconf 79' lang='lat' dir='ltr'><strong>ebenus,</strong></span> <span class='ocrx_word' id='word_1_165' title='bbox 403 1738 463 1798; x_wconf 90' lang='lat' dir='ltr'><strong>quod</strong></span> <span class='ocrx_word' id='word_1_166' title='bbox 481 1739 569 1785; x_wconf 86' lang='lat' dir='ltr'><strong>ordines</strong></span> <span class='ocrx_word' id='word_1_167' title='bbox 583 1739 606 1784; x_wconf 91' lang='lat' dir='ltr'><strong>in</strong></span> <span class='ocrx_word' id='word_1_168' title='bbox 618 1736 744 1786; x_wconf 70' lang='lat' dir='ltr'><strong>Genuauih</strong></span> 
     </span>
     <span class='ocr_line' id='line_1_26' title="bbox 75 1801 539 1847; baseline 0 0"><span class='ocrx_word' id='word_1_169' title='bbox 75 1801 177 1847; x_wconf 82' lang='lat' dir='ltr'><strong>duxerat.</strong></span> <span class='ocrx_word' id='word_1_170' title='bbox 534 1808 539 1817; x_wconf 88' lang='lat'><em>&#39;</em></span> 
     </span>
    </p>

    <p class='ocr_par' dir='ltr' id='par_1_6' title="bbox 72 1863 809 2187">
     <span class='ocr_line' id='line_1_27' title="bbox 107 1863 741 1929; baseline 0.005 -18"><span class='ocrx_word' id='word_1_171' title='bbox 107 1863 210 1912; x_wconf 81' lang='lat' dir='ltr'><strong>XXIII.</strong></span> <span class='ocrx_word' id='word_1_172' title='bbox 228 1866 347 1927; x_wconf 81' lang='lat' dir='ltr'><strong>Spurinus,</strong></span> <span class='ocrx_word' id='word_1_173' title='bbox 363 1874 479 1929; x_wconf 88' lang='lat' dir='ltr'><strong>comperto</strong></span> <span class='ocrx_word' id='word_1_174' title='bbox 489 1868 683 1921; x_wconf 87' lang='lat' dir='ltr'><strong>itinerebostium,</strong></span> <span class='ocrx_word' id='word_1_175' title='bbox 701 1868 741 1914; x_wconf 85' lang='lat' dir='ltr'><strong>dc·</strong></span> 
     </span>
     <span class='ocr_line' id='line_1_28' title="bbox 74 1930 742 1993; baseline 0.003 -16"><span class='ocrx_word' id='word_1_176' title='bbox 74 1930 164 1977; x_wconf 67' lang='lat' dir='ltr'><strong>fenum</strong></span> <span class='ocrx_word' id='word_1_177' title='bbox 185 1930 331 1985; x_wconf 77' lang='lat' dir='ltr'><strong>Placentiam,</strong></span> <span class='ocrx_word' id='word_1_178' title='bbox 349 1946 444 1993; x_wconf 81' lang='lat' dir='ltr'><strong>quaeque</strong></span> <span class='ocrx_word' id='word_1_179' title='bbox 463 1940 518 1982; x_wconf 86' lang='lat' dir='ltr'><strong>acta.</strong></span> <span class='ocrx_word' id='word_1_180' title='bbox 535 1940 559 1979; x_wconf 91' lang='lat' dir='ltr'><strong>et</strong></span> <span class='ocrx_word' id='word_1_181' title='bbox 577 1933 629 1993; x_wconf 91' lang='lat' dir='ltr'><strong>quid</strong></span> <span class='ocrx_word' id='word_1_182' title='bbox 649 1931 742 1980; x_wconf 75' lang='lat' dir='ltr'><strong>Caecina</strong></span> 
     </span>
     <span class='ocr_line' id='line_1_29' title="bbox 72 1994 809 2058; baseline 0.001 -18"><span class='ocrx_word' id='word_1_183' title='bbox 72 2002 168 2057; x_wconf 81' lang='lat' dir='ltr'><strong>pareret,</strong></span> <span class='ocrx_word' id='word_1_184' title='bbox 187 1994 289 2042; x_wconf 75' lang='lat' dir='ltr'><strong>Annium</strong></span> <span class='ocrx_word' id='word_1_185' title='bbox 307 1996 398 2044; x_wconf 82' lang='lat' dir='ltr'><strong>Gallum</strong></span> <span class='ocrx_word' id='word_1_186' title='bbox 416 2012 456 2058; x_wconf 86' lang='lat' dir='ltr'><strong>per</strong></span> <span class='ocrx_word' id='word_1_187' title='bbox 472 1998 547 2043; x_wconf 78' lang='lat' dir='ltr'><strong>literas</strong></span> <span class='ocrx_word' id='word_1_188' title='bbox 557 1997 629 2043; x_wconf 85' lang='lat' dir='ltr'><strong>docet.</strong></span> <span class='ocrx_word' id='word_1_189' title='bbox 661 1996 743 2042; x_wconf 85' lang='lat' dir='ltr'><strong>Gallus</strong></span> <span class='ocrx_word' id='word_1_190' title='bbox 804 1994 809 2003; x_wconf 97' lang='grc'><strong><em>’</em></strong></span> 
     </span>
     <span class='ocr_line' id='line_1_30' title="bbox 73 2060 739 2123; baseline -0.002 -17"><span class='ocrx_word' id='word_1_191' title='bbox 73 2060 190 2123; x_wconf 87' lang='lat' dir='ltr'><strong>legionem</strong></span> <span class='ocrx_word' id='word_1_192' title='bbox 210 2062 306 2122; x_wconf 83' lang='lat' dir='ltr'><strong>primum</strong></span> <span class='ocrx_word' id='word_1_193' title='bbox 328 2062 352 2107; x_wconf 91' lang='lat' dir='ltr'><strong>in</strong></span> <span class='ocrx_word' id='word_1_194' title='bbox 372 2062 480 2108; x_wconf 86' lang='lat' dir='ltr'><strong>auxilium</strong></span> <span class='ocrx_word' id='word_1_195' title='bbox 499 2061 622 2108; x_wconf 82' lang='lat' dir='ltr'><strong>Placentiae</strong></span> <span class='ocrx_word' id='word_1_196' title='bbox 640 2061 739 2115; x_wconf 88' lang='lat' dir='ltr'><strong>ducebat,</strong></span> 
     </span>
     <span class='ocr_line' id='line_1_31' title="bbox 73 2124 741 2187; baseline 0.001 -17"><span class='ocrx_word' id='word_1_197' title='bbox 73 2124 161 2173; x_wconf 79' lang='lat' dir='ltr'><strong>diffisus</strong></span> <span class='ocrx_word' id='word_1_198' title='bbox 179 2126 290 2186; x_wconf 87' lang='lat' dir='ltr'><strong>paucitate</strong></span> <span class='ocrx_word' id='word_1_199' title='bbox 306 2126 438 2179; x_wconf 87' lang='lat' dir='ltr'><strong>cohortium,</strong></span> <span class='ocrx_word' id='word_1_200' title='bbox 455 2142 485 2171; x_wconf 90' lang='lat' dir='ltr'><strong>ne</strong></span> <span class='ocrx_word' id='word_1_201' title='bbox 496 2126 587 2187; x_wconf 87' lang='lat' dir='ltr'><strong>longius</strong></span> <span class='ocrx_word' id='word_1_202' title='bbox 598 2125 710 2180; x_wconf 40' lang='lat' dir='ltr'><strong>obsidium,</strong></span> <span class='ocrx_word' id='word_1_203' title='bbox 717 2133 741 2171; x_wconf 94' lang='lat' dir='ltr'><strong>et</strong></span> 
     </span>
    </p>
   </div>
   <div class='ocr_carea' id='block_1_5' title="bbox 70 2188 741 2642">
    <p class='ocr_par' dir='ltr' id='par_1_7' title="bbox 70 2188 741 2642">
     <span class='ocr_line' id='line_1_32' title="bbox 73 2188 741 2253; baseline -0.003 -16"><span class='ocrx_word' id='word_1_204' title='bbox 73 2190 121 2237; x_wconf 82' lang='lat' dir='ltr'><strong>rIm</strong></span> <span class='ocrx_word' id='word_1_205' title='bbox 134 2188 265 2237; x_wconf 88' lang='lat' dir='ltr'><strong>Germanici</strong></span> <span class='ocrx_word' id='word_1_206' title='bbox 276 2190 389 2237; x_wconf 76' lang='lat' dir='ltr'><strong>exercitis</strong></span> <span class='ocrx_word' id='word_1_207' title='bbox 399 2206 477 2253; x_wconf 90' lang='lat' dir='ltr'><strong>parum</strong></span> <span class='ocrx_word' id='word_1_208' title='bbox 489 2192 622 2237; x_wconf 80' lang='lat' dir='ltr'><strong>tolerarent:</strong></span> <span class='ocrx_word' id='word_1_209' title='bbox 642 2188 678 2236; x_wconf 92' lang='lat' dir='ltr'><strong>ubi</strong></span> <span class='ocrx_word' id='word_1_210' title='bbox 689 2191 741 2251; x_wconf 81' lang='lat' dir='ltr'><strong>pul·</strong></span> 
     </span>
     <span class='ocr_line' id='line_1_33' title="bbox 75 2252 741 2319; baseline -0.002 -18"><span class='ocrx_word' id='word_1_211' title='bbox 75 2269 126 2301; x_wconf 85' lang='lat' dir='ltr'><strong>nrm</strong></span> <span class='ocrx_word' id='word_1_212' title='bbox 139 2252 255 2301; x_wconf 76' lang='lat' dir='ltr'><strong>Caecinam</strong></span> <span class='ocrx_word' id='word_1_213' title='bbox 266 2269 362 2317; x_wconf 84' lang='lat' dir='ltr'><strong>pergere</strong></span> <span class='ocrx_word' id='word_1_214' title='bbox 374 2253 510 2303; x_wconf 84' lang='lat' dir='ltr'><strong>Cremonam</strong></span> <span class='ocrx_word' id='word_1_215' title='bbox 521 2255 611 2317; x_wconf 88' lang='lat' dir='ltr'><strong>accepit,</strong></span> <span class='ocrx_word' id='word_1_216' title='bbox 629 2270 690 2319; x_wconf 84' lang='lat' dir='ltr'><strong>aegre</strong></span> <span class='ocrx_word' id='word_1_217' title='bbox 701 2270 741 2301; x_wconf 85' lang='lat' dir='ltr'><strong>co·</strong></span> 
     </span>
     <span class='ocr_line' id='line_1_34' title="bbox 73 2319 739 2382; baseline 0 -17"><span class='ocrx_word' id='word_1_218' title='bbox 73 2319 168 2365; x_wconf 71' lang='lat' dir='ltr'><strong>irritem</strong></span> <span class='ocrx_word' id='word_1_219' title='bbox 180 2319 301 2382; x_wconf 77' lang='lat' dir='ltr'><strong>legionem,</strong></span> <span class='ocrx_word' id='word_1_220' title='bbox 318 2326 342 2365; x_wconf 90' lang='lat' dir='ltr'><strong>et</strong></span> <span class='ocrx_word' id='word_1_221' title='bbox 383 2321 466 2381; x_wconf 86' lang='lat' dir='ltr'><strong>gnandi</strong></span> <span class='ocrx_word' id='word_1_222' title='bbox 477 2322 556 2367; x_wconf 72' lang='lat' dir='ltr'><strong>ardore</strong></span> <span class='ocrx_word' id='word_1_223' title='bbox 566 2336 636 2382; x_wconf 84' lang='lat' dir='ltr'><strong>usque</strong></span> <span class='ocrx_word' id='word_1_224' title='bbox 646 2320 674 2366; x_wconf 88' lang='lat' dir='ltr'><strong>ad</strong></span> <span class='ocrx_word' id='word_1_225' title='bbox 681 2320 739 2366; x_wconf 86' lang='lat' dir='ltr'><strong>sedi-</strong></span> 
     </span>
     <span class='ocr_line' id='line_1_35' title="bbox 73 2383 741 2447; baseline 0 -18"><span class='ocrx_word' id='word_1_226' title='bbox 73 2384 161 2431; x_wconf 88' lang='lat' dir='ltr'><strong>tionem</strong></span> <span class='ocrx_word' id='word_1_227' title='bbox 172 2398 322 2447; x_wconf 83' lang='lat' dir='ltr'><strong>progressum,</strong></span> <span class='ocrx_word' id='word_1_228' title='bbox 391 2385 443 2431; x_wconf 86' lang='lat' dir='ltr'><strong>rIaci</strong></span> <span class='ocrx_word' id='word_1_229' title='bbox 454 2386 519 2431; x_wconf 76' lang='lat' dir='ltr'><strong>sistit.</strong></span> <span class='ocrx_word' id='word_1_230' title='bbox 552 2384 615 2431; x_wconf 88' lang='lat' dir='ltr'><strong>Inter</strong></span> <span class='ocrx_word' id='word_1_231' title='bbox 625 2383 741 2430; x_wconf 88' lang='lat' dir='ltr'><strong>Veronam</strong></span> 
     </span>
     <span class='ocr_line' id='line_1_36' title="bbox 73 2446 740 2511; baseline -0.009 -14"><span class='ocrx_word' id='word_1_232' title='bbox 73 2446 257 2510; x_wconf 85' lang='lat' dir='ltr'><strong>Cremonamque</strong></span> <span class='ocrx_word' id='word_1_233' title='bbox 273 2450 330 2496; x_wconf 89' lang='lat' dir='ltr'><strong>ritus</strong></span> <span class='ocrx_word' id='word_1_234' title='bbox 346 2456 380 2496; x_wconf 87' lang='lat' dir='ltr'><strong>est</strong></span> <span class='ocrx_word' id='word_1_235' title='bbox 391 2450 470 2499; x_wconf 57' lang='lat' dir='ltr'><strong>vicus(</strong></span> <span class='ocrx_word' id='word_1_236' title='bbox 478 2451 562 2495; x_wconf 84' lang='lat' dir='ltr'><strong>duabus</strong></span> <span class='ocrx_word' id='word_1_237' title='bbox 568 2450 615 2511; x_wconf 76' lang='lat' dir='ltr'><strong>jam</strong></span> <span class='ocrx_word' id='word_1_238' title='bbox 627 2448 740 2494; x_wconf 85' lang='lat' dir='ltr'><strong>Romunir</strong></span> 
     </span>
     <span class='ocr_line' id='line_1_37' title="bbox 70 2512 741 2574; baseline -0.007 -15"><span class='ocrx_word' id='word_1_239' title='bbox 70 2512 171 2560; x_wconf 76' lang='lat' dir='ltr'><strong>cladibus</strong></span> <span class='ocrx_word' id='word_1_240' title='bbox 182 2522 250 2561; x_wconf 87' lang='lat' dir='ltr'><strong>notus</strong></span> <span class='ocrx_word' id='word_1_241' title='bbox 259 2513 420 2574; x_wconf 76' lang='lat' dir='ltr'><strong>iufaustusque.</strong></span> <span class='ocrx_word' id='word_1_242' title='bbox 454 2512 538 2559; x_wconf 80' lang='lat' dir='ltr'><strong>IIsdem</strong></span> <span class='ocrx_word' id='word_1_243' title='bbox 547 2514 623 2559; x_wconf 87' lang='lat' dir='ltr'><strong>diebus</strong></span> <span class='ocrx_word' id='word_1_244' title='bbox 632 2527 645 2557; x_wconf 87' lang='lat' dir='ltr'><strong>a</strong></span> <span class='ocrx_word' id='word_1_245' title='bbox 654 2512 741 2556; x_wconf 87' lang='lat' dir='ltr'><strong>Martio</strong></span> 
     </span>
     <span class='ocr_line' id='line_1_38' title="bbox 72 2574 740 2642; baseline -0.012 -17"><span class='ocrx_word' id='word_1_246' title='bbox 72 2574 231 2627; x_wconf 69' lang='lat' dir='ltr'><strong>Minotauri</strong></span> <span class='ocrx_word' id='word_1_247' title='bbox 246 2579 326 2642; x_wconf 82' lang='lat' dir='ltr'><strong>procui</strong></span> <span class='ocrx_word' id='word_1_248' title='bbox 343 2576 460 2627; x_wconf 74' lang='lat' dir='ltr'><strong>Cremoni</strong></span> <span class='ocrx_word' id='word_1_249' title='bbox 476 2591 582 2639; x_wconf 84' lang='lat' dir='ltr'><strong>prospere</strong></span> <span class='ocrx_word' id='word_1_250' title='bbox 598 2580 740 2637; x_wconf 86' lang='lat' dir='ltr'><strong>pugnatum:</strong></span> 
     </span>
    </p>
   </div>
   <div class='ocr_carea' id='block_1_6' title="bbox 0 0 922 2900">
    <p class='ocr_par' dir='ltr' id='par_1_8' title="bbox 0 0 922 2900">
     <span class='ocr_line' id='line_1_39' title="bbox 0 0 922 2900; baseline 0 1"><span class='ocrx_word' id='word_1_251' title='bbox 0 0 922 2900; x_wconf 95' lang='lat' dir='ltr'><strong> </strong></span> 
     </span>
    </p>
   </div>
  </div>
 </body>
</html>
