<?xml version="1.0" encoding="UTF-8"?>
<!DOCTYPE html PUBLIC "-//W3C//DTD XHTML 1.0 Transitional//EN"
    "http://www.w3.org/TR/xhtml1/DTD/xhtml1-transitional.dtd">
<html xmlns="http://www.w3.org/1999/xhtml" xml:lang="en" lang="en">
 <head>
  <title>
</title>
<meta http-equiv="Content-Type" content="text/html;charset=utf-8" />
  <meta name='ocr-system' content='tesseract 3.04.00' />
  <meta name='ocr-capabilities' content='ocr_page ocr_carea ocr_par ocr_line ocrx_word'/>
</head>
<body>
  <div class='ocr_page' id='page_1' title='image "./opera02obergoog_0056.png"; bbox 0 0 1834 2900; ppageno 0'>
   <div class='ocr_carea' id='block_1_1' title="bbox 172 109 840 162">
    <p class='ocr_par' dir='ltr' id='par_1_1' title="bbox 172 109 840 162">
     <span class='ocr_line' id='line_1_1' title="bbox 172 109 840 162; baseline -0.019 0"><span class='ocrx_word' id='word_1_1' title='bbox 172 119 205 162; x_wconf 72' lang='grc'>46</span> <span class='ocrx_word' id='word_1_2' title='bbox 263 109 715 161; x_wconf 64' lang='lat' dir='ltr'>msuoulsnmtuntcum</span> <span class='ocrx_word' id='word_1_3' title='bbox 726 112 840 152; x_wconf 78' lang='lat' dir='ltr'>U.c.ses.</span> 
     </span>
    </p>
   </div>
   <div class='ocr_carea' id='block_1_2' title="bbox 109 217 902 2693">
    <p class='ocr_par' dir='ltr' id='par_1_2' title="bbox 167 217 838 1080">
     <span class='ocr_line' id='line_1_2' title="bbox 168 217 837 304; baseline 0 -16"><span class='ocrx_word' id='word_1_4' title='bbox 168 247 245 303; x_wconf 76' lang='lat' dir='ltr'>ruptus</span> <span class='ocrx_word' id='word_1_5' title='bbox 254 239 342 288; x_wconf 74' lang='lat' dir='ltr'>minus</span> <span class='ocrx_word' id='word_1_6' title='bbox 353 217 381 286; x_wconf 73' lang='lat' dir='ltr'>ai</span> <span class='ocrx_word' id='word_1_7' title='bbox 392 239 457 287; x_wconf 68' lang='lat' dir='ltr'>nure</span> <span class='ocrx_word' id='word_1_8' title='bbox 473 241 556 287; x_wconf 65' lang='lat' dir='ltr'>usum</span> <span class='ocrx_word' id='word_1_9' title='bbox 571 241 755 304; x_wconf 56' lang='lat' dir='ltr'>impensarum</span> <span class='ocrx_word' id='word_1_10' title='bbox 771 240 837 289; x_wconf 71' lang='lat' dir='ltr'>emur</span> 
     </span>
     <span class='ocr_line' id='line_1_3' title="bbox 168 306 835 368; baseline 0.003 -17"><span class='ocrx_word' id='word_1_11' title='bbox 168 311 282 366; x_wconf 70' lang='lat' dir='ltr'>reputans,</span> <span class='ocrx_word' id='word_1_12' title='bbox 299 321 345 352; x_wconf 91' lang='lat' dir='ltr'>non</span> <span class='ocrx_word' id='word_1_13' title='bbox 356 320 423 368; x_wconf 87' lang='lat' dir='ltr'>posse</span> <span class='ocrx_word' id='word_1_14' title='bbox 434 307 589 368; x_wconf 77' lang='lat' dir='ltr'>principetuns,</span> <span class='ocrx_word' id='word_1_15' title='bbox 606 306 690 352; x_wconf 85' lang='lat' dir='ltr'>sceiere</span> <span class='ocrx_word' id='word_1_16' title='bbox 707 307 835 367; x_wconf 76' lang='lat' dir='ltr'>quesitum.</span> 
     </span>
     <span class='ocr_line' id='line_1_4' title="bbox 171 368 836 433; baseline 0 -16"><span class='ocrx_word' id='word_1_17' title='bbox 171 368 244 417; x_wconf 78' lang='lat' dir='ltr'>subiti</span> <span class='ocrx_word' id='word_1_18' title='bbox 254 369 363 418; x_wconf 84' lang='lat' dir='ltr'>modestii</span> <span class='ocrx_word' id='word_1_19' title='bbox 378 379 401 417; x_wconf 84' lang='lat' dir='ltr'>et</span> <span class='ocrx_word' id='word_1_20' title='bbox 411 369 488 432; x_wconf 74' lang='lat' dir='ltr'>prisci</span> <span class='ocrx_word' id='word_1_21' title='bbox 495 371 607 433; x_wconf 72' lang='lat' dir='ltr'>grsritste</span> <span class='ocrx_word' id='word_1_22' title='bbox 616 371 722 428; x_wconf 78' lang='lat' dir='ltr'>retineri3</span> <span class='ocrx_word' id='word_1_23' title='bbox 739 371 780 417; x_wconf 87' lang='lat' dir='ltr'>ssd</span> <span class='ocrx_word' id='word_1_24' title='bbox 791 372 836 417; x_wconf 86' lang='lat' dir='ltr'>dis-</span> 
     </span>
     <span class='ocr_line' id='line_1_5' title="bbox 169 432 836 498; baseline 0 -16"><span class='ocrx_word' id='word_1_25' title='bbox 169 435 263 482; x_wconf 85' lang='lat' dir='ltr'>crimine</span> <span class='ocrx_word' id='word_1_26' title='bbox 276 434 351 489; x_wconf 87' lang='lat' dir='ltr'>Urbis,</span> <span class='ocrx_word' id='word_1_27' title='bbox 368 442 391 481; x_wconf 85' lang='lat' dir='ltr'>et</span> <span class='ocrx_word' id='word_1_28' title='bbox 407 435 507 498; x_wconf 77' lang='lat' dir='ltr'>periculo</span> <span class='ocrx_word' id='word_1_29' title='bbox 517 435 609 482; x_wconf 77' lang='lat' dir='ltr'>seostns</span> <span class='ocrx_word' id='word_1_30' title='bbox 618 436 704 490; x_wconf 58' lang='lat' dir='ltr'>anxius</span> <span class='ocrx_word' id='word_1_31' title='bbox 721 432 836 497; x_wconf 77' lang='lat' dir='ltr'>postresm</span> 
     </span>
     <span class='ocr_line' id='line_1_6' title="bbox 170 497 835 560; baseline 0 -14"><span class='ocrx_word' id='word_1_32' title='bbox 170 501 204 546; x_wconf 80' lang='lat' dir='ltr'>its</span> <span class='ocrx_word' id='word_1_33' title='bbox 213 500 330 546; x_wconf 82' lang='lat' dir='ltr'>disseruit:</span> <span class='ocrx_word' id='word_1_34' title='bbox 345 507 359 530; x_wconf 74' lang='lat'>‘⁸</span> <span class='ocrx_word' id='word_1_35' title='bbox 371 499 453 560; x_wconf 86' lang='lat' dir='ltr'>Neque</span> <span class='ocrx_word' id='word_1_36' title='bbox 463 508 490 546; x_wconf 92' lang='lat' dir='ltr'>ut</span> <span class='ocrx_word' id='word_1_37' title='bbox 499 497 594 546; x_wconf 69' lang='lat' dir='ltr'>sfflcws</span> <span class='ocrx_word' id='word_1_38' title='bbox 603 507 691 546; x_wconf 83' lang='lat' dir='ltr'>vestros</span> <span class='ocrx_word' id='word_1_39' title='bbox 701 500 725 545; x_wconf 90' lang='lat' dir='ltr'>in</span> <span class='ocrx_word' id='word_1_40' title='bbox 736 515 835 546; x_wconf 76' lang='lat' dir='ltr'>errrorem</span> 
     </span>
     <span class='ocr_line' id='line_1_7' title="bbox 167 565 835 625; baseline -0.001 -14"><span class='ocrx_word' id='word_1_41' title='bbox 167 565 214 611; x_wconf 88' lang='lat' dir='ltr'>mei</span> <span class='ocrx_word' id='word_1_42' title='bbox 226 565 377 620; x_wconf 78' lang='lat' dir='ltr'><strong>accenderem,</strong></span> <span class='ocrx_word' id='word_1_43' title='bbox 394 565 567 621; x_wconf 70' lang='lat' dir='ltr'><strong>commilitones,</strong></span> <span class='ocrx_word' id='word_1_44' title='bbox 577 579 650 625; x_wconf 84' lang='lat' dir='ltr'>neque</span> <span class='ocrx_word' id='word_1_45' title='bbox 660 572 686 610; x_wconf 89' lang='lat' dir='ltr'>ut</span> <span class='ocrx_word' id='word_1_46' title='bbox 697 566 798 611; x_wconf 74' lang='lat' dir='ltr'>animum</span> <span class='ocrx_word' id='word_1_47' title='bbox 809 565 835 610; x_wconf 86' lang='lat' dir='ltr'>sd</span> 
     </span>
     <span class='ocr_line' id='line_1_8' title="bbox 170 630 836 696; baseline 0 -20"><span class='ocrx_word' id='word_1_48' title='bbox 170 631 277 677; x_wconf 83' lang='lat' dir='ltr'>virtutem</span> <span class='ocrx_word' id='word_1_49' title='bbox 295 632 431 684; x_wconf 73' lang='lat' dir='ltr'>cohortarer,</span> <span class='ocrx_word' id='word_1_50' title='bbox 444 631 549 696; x_wconf 70' lang='lat' dir='ltr'>(unoque</span> <span class='ocrx_word' id='word_1_51' title='bbox 566 630 627 675; x_wconf 82' lang='lat' dir='ltr'>eninr</span> <span class='ocrx_word' id='word_1_52' title='bbox 646 630 740 691; x_wconf 70' lang='lat' dir='ltr'>egregie</span> <span class='ocrx_word' id='word_1_53' title='bbox 758 645 836 691; x_wconf 83' lang='lat' dir='ltr'>super·</span> 
     </span>
     <span class='ocr_line' id='line_1_9' title="bbox 170 694 834 756; baseline -0.003 -14"><span class='ocrx_word' id='word_1_54' title='bbox 170 694 234 756; x_wconf 86' lang='lat' dir='ltr'>sunt)</span> <span class='ocrx_word' id='word_1_55' title='bbox 251 696 290 742; x_wconf 85' lang='lat' dir='ltr'>sed</span> <span class='ocrx_word' id='word_1_56' title='bbox 307 696 359 742; x_wconf 84' lang='lat' dir='ltr'>veni</span> <span class='ocrx_word' id='word_1_57' title='bbox 371 695 524 756; x_wconf 70' lang='lat' dir='ltr'>postulaturus</span> <span class='ocrx_word' id='word_1_58' title='bbox 533 709 548 741; x_wconf 90' lang='lat' dir='ltr'>s</span> <span class='ocrx_word' id='word_1_59' title='bbox 557 694 621 741; x_wconf 82' lang='lat' dir='ltr'>vobis</span> <span class='ocrx_word' id='word_1_60' title='bbox 632 702 834 754; x_wconf 71' lang='lat' dir='ltr'><strong>temperamentum</strong></span> 
     </span>
     <span class='ocr_line' id='line_1_10' title="bbox 169 758 835 821; baseline -0.005 -14"><span class='ocrx_word' id='word_1_61' title='bbox 169 767 252 807; x_wconf 80' lang='lat' dir='ltr'>vestroe</span> <span class='ocrx_word' id='word_1_62' title='bbox 262 759 405 814; x_wconf 80' lang='lat' dir='ltr'>fortitudinis,</span> <span class='ocrx_word' id='word_1_63' title='bbox 416 768 439 806; x_wconf 81' lang='lat' dir='ltr'>et</span> <span class='ocrx_word' id='word_1_64' title='bbox 449 773 504 821; x_wconf 74' lang='lat' dir='ltr'>erge</span> <span class='ocrx_word' id='word_1_65' title='bbox 513 773 551 805; x_wconf 88' lang='lat' dir='ltr'>me</span> <span class='ocrx_word' id='word_1_66' title='bbox 561 758 653 805; x_wconf 88' lang='lat' dir='ltr'>modum</span> <span class='ocrx_word' id='word_1_67' title='bbox 663 759 769 814; x_wconf 74' lang='lat' dir='ltr'>caritatis.</span> <span class='ocrx_word' id='word_1_68' title='bbox 786 759 835 805; x_wconf 84' lang='lat' dir='ltr'>Tu·</span> 
     </span>
     <span class='ocr_line' id='line_1_11' title="bbox 169 823 836 887; baseline -0.003 -15"><span class='ocrx_word' id='word_1_69' title='bbox 169 825 254 872; x_wconf 85' lang='lat' dir='ltr'>multiis</span> <span class='ocrx_word' id='word_1_70' title='bbox 262 825 356 887; x_wconf 75' lang='lat' dir='ltr'>proximi</span> <span class='ocrx_word' id='word_1_71' title='bbox 367 824 462 878; x_wconf 81' lang='lat' dir='ltr'>initium,</span> <span class='ocrx_word' id='word_1_72' title='bbox 479 839 524 870; x_wconf 88' lang='lat' dir='ltr'>non</span> <span class='ocrx_word' id='word_1_73' title='bbox 535 824 655 886; x_wconf 86' lang='lat' dir='ltr'>cupiditste</span> <span class='ocrx_word' id='word_1_74' title='bbox 665 823 703 870; x_wconf 86' lang='lat' dir='ltr'>vel</span> <span class='ocrx_word' id='word_1_75' title='bbox 712 823 773 878; x_wconf 79' lang='lat' dir='ltr'>odio,</span> <span class='ocrx_word' id='word_1_76' title='bbox 784 837 836 884; x_wconf 77' lang='lat' dir='ltr'>quae</span> 
     </span>
     <span class='ocr_line' id='line_1_12' title="bbox 170 886 836 952; baseline 0 -17"><span class='ocrx_word' id='word_1_77' title='bbox 170 889 254 936; x_wconf 84' lang='lat' dir='ltr'>multos</span> <span class='ocrx_word' id='word_1_78' title='bbox 271 889 382 936; x_wconf 83' lang='lat' dir='ltr'>exercitus</span> <span class='ocrx_word' id='word_1_79' title='bbox 400 890 423 934; x_wconf 92' lang='lat' dir='ltr'>in</span> <span class='ocrx_word' id='word_1_80' title='bbox 437 886 654 952; x_wconf 69' lang='lat' dir='ltr'>discordisnrsgire,</span> <span class='ocrx_word' id='word_1_81' title='bbox 670 902 697 934; x_wconf 85' lang='lat' dir='ltr'>sc</span> <span class='ocrx_word' id='word_1_82' title='bbox 707 903 738 934; x_wconf 87' lang='lat' dir='ltr'>ne</span> <span class='ocrx_word' id='word_1_83' title='bbox 748 888 836 935; x_wconf 82' lang='lat' dir='ltr'>detrec-</span> 
     </span>
     <span class='ocr_line' id='line_1_13' title="bbox 168 952 838 1015; baseline -0.001 -16"><span class='ocrx_word' id='word_1_84' title='bbox 168 953 254 1000; x_wconf 71' lang='lat' dir='ltr'>tatione</span> <span class='ocrx_word' id='word_1_85' title='bbox 276 953 364 1012; x_wconf 90' lang='lat' dir='ltr'>quidem</span> <span class='ocrx_word' id='word_1_86' title='bbox 387 962 425 1000; x_wconf 84' lang='lat' dir='ltr'>sut</span> <span class='ocrx_word' id='word_1_87' title='bbox 446 953 565 1000; x_wconf 70' lang='lat' dir='ltr'>tormidine</span> <span class='ocrx_word' id='word_1_88' title='bbox 583 952 749 1015; x_wconf 67' lang='lat' dir='ltr'>periculorum</span> <span class='ocrx_word' id='word_1_89' title='bbox 767 953 838 999; x_wconf 78' lang='lat' dir='ltr'>nimis</span> 
     </span>
     <span class='ocr_line' id='line_1_14' title="bbox 185 1018 838 1080; baseline -0.002 -16"><span class='ocrx_word' id='word_1_90' title='bbox 185 1019 239 1064; x_wconf 81' lang='lat' dir='ltr'>&#39;etus</span> <span class='ocrx_word' id='word_1_91' title='bbox 257 1025 341 1074; x_wconf 80' lang='lat' dir='ltr'>vestro,</span> <span class='ocrx_word' id='word_1_92' title='bbox 358 1020 430 1064; x_wconf 87' lang='lat' dir='ltr'>scrius</span> <span class='ocrx_word' id='word_1_93' title='bbox 451 1033 518 1080; x_wconf 76' lang='lat' dir='ltr'>qum</span> <span class='ocrx_word' id='word_1_94' title='bbox 537 1018 705 1072; x_wconf 75' lang='lat' dir='ltr'>consideratius,</span> <span class='ocrx_word' id='word_1_95' title='bbox 721 1018 838 1064; x_wconf 77' lang='lat' dir='ltr'>excitssit.</span> 
     </span>
    </p>

    <p class='ocr_par' dir='ltr' id='par_1_3' title="bbox 109 1081 902 2693">
     <span class='ocr_line' id='line_1_15' title="bbox 195 1081 836 1145; baseline -0.002 -17"><span class='ocrx_word' id='word_1_96' title='bbox 195 1097 231 1128; x_wconf 80' lang='lat' dir='ltr'>arn</span> <span class='ocrx_word' id='word_1_97' title='bbox 242 1097 303 1143; x_wconf 80' lang='lat' dir='ltr'>saepe</span> <span class='ocrx_word' id='word_1_98' title='bbox 311 1083 417 1130; x_wconf 79' lang='lat' dir='ltr'>honestas</span> <span class='ocrx_word' id='word_1_99' title='bbox 428 1099 502 1129; x_wconf 86' lang='lat' dir='ltr'>rerum</span> <span class='ocrx_word' id='word_1_100' title='bbox 514 1097 598 1137; x_wconf 72' lang='lat' dir='ltr'>muns,</span> <span class='ocrx_word' id='word_1_101' title='bbox 615 1083 639 1128; x_wconf 91' lang='lat' dir='ltr'>ni</span> <span class='ocrx_word' id='word_1_102' title='bbox 650 1081 760 1145; x_wconf 85' lang='lat' dir='ltr'>judicium</span> <span class='ocrx_word' id='word_1_103' title='bbox 773 1083 836 1128; x_wconf 79' lang='lat' dir='ltr'>odiri·</span> 
     </span>
     <span class='ocr_line' id='line_1_16' title="bbox 109 1145 834 1208; baseline -0.003 -13"><span class='ocrx_word' id='word_1_104' title='bbox 109 1201 115 1208; x_wconf 34' lang='lat'>⁸</span> <span class='ocrx_word' id='word_1_105' title='bbox 165 1148 225 1201; x_wconf 70' lang='lat' dir='ltr'>oens,</span> <span class='ocrx_word' id='word_1_106' title='bbox 242 1147 359 1208; x_wconf 75' lang='lat' dir='ltr'>perniciosi</span> <span class='ocrx_word' id='word_1_107' title='bbox 371 1149 445 1194; x_wconf 82' lang='lat' dir='ltr'>exitus</span> <span class='ocrx_word' id='word_1_108' title='bbox 455 1156 629 1208; x_wconf 78' lang='lat' dir='ltr'>consequuntur.</span> <span class='ocrx_word' id='word_1_109' title='bbox 661 1145 725 1193; x_wconf 83' lang='lat' dir='ltr'>Imus</span> <span class='ocrx_word' id='word_1_110' title='bbox 741 1147 770 1193; x_wconf 83' lang='lat' dir='ltr'>ad</span> <span class='ocrx_word' id='word_1_111' title='bbox 785 1147 834 1193; x_wconf 87' lang='lat' dir='ltr'>bel·</span> 
     </span>
     <span class='ocr_line' id='line_1_17' title="bbox 168 1212 834 1273; baseline 0 -15"><span class='ocrx_word' id='word_1_112' title='bbox 168 1212 231 1258; x_wconf 76' lang='lat' dir='ltr'>lumt</span> <span class='ocrx_word' id='word_1_113' title='bbox 251 1226 305 1266; x_wconf 78' lang='lat' dir='ltr'>num</span> <span class='ocrx_word' id='word_1_114' title='bbox 317 1227 395 1258; x_wconf 85' lang='lat' dir='ltr'>ornnes</span> <span class='ocrx_word' id='word_1_115' title='bbox 406 1214 498 1258; x_wconf 85' lang='lat' dir='ltr'>nuntios</span> <span class='ocrx_word' id='word_1_116' title='bbox 507 1212 580 1273; x_wconf 79' lang='lat' dir='ltr'>poison</span> <span class='ocrx_word' id='word_1_117' title='bbox 592 1212 669 1266; x_wconf 86' lang='lat' dir='ltr'>sudiri,</span> <span class='ocrx_word' id='word_1_118' title='bbox 685 1213 762 1258; x_wconf 84' lang='lat' dir='ltr'>omnis</span> <span class='ocrx_word' id='word_1_119' title='bbox 778 1227 834 1259; x_wconf 88' lang='lat' dir='ltr'>cors·</span> 
     </span>
     <span class='ocr_line' id='line_1_18' title="bbox 166 1275 834 1340; baseline -0.003 -16"><span class='ocrx_word' id='word_1_120' title='bbox 166 1275 217 1324; x_wconf 87' lang='lat' dir='ltr'>silis</span> <span class='ocrx_word' id='word_1_121' title='bbox 227 1277 313 1324; x_wconf 87' lang='lat' dir='ltr'>cunctis</span> <span class='ocrx_word' id='word_1_122' title='bbox 323 1277 471 1340; x_wconf 67' lang='lat' dir='ltr'>presentibus</span> <span class='ocrx_word' id='word_1_123' title='bbox 481 1277 577 1330; x_wconf 70' lang='lat' dir='ltr'>monteri,</span> <span class='ocrx_word' id='word_1_124' title='bbox 589 1278 646 1323; x_wconf 84' lang='lat' dir='ltr'>rstio</span> <span class='ocrx_word' id='word_1_125' title='bbox 656 1291 731 1324; x_wconf 81' lang='lat' dir='ltr'>rerum</span> <span class='ocrx_word' id='word_1_126' title='bbox 742 1283 782 1322; x_wconf 81' lang='lat' dir='ltr'>sut</span> <span class='ocrx_word' id='word_1_127' title='bbox 793 1291 834 1322; x_wconf 89' lang='lat' dir='ltr'>oc-</span> 
     </span>
     <span class='ocr_line' id='line_1_19' title="bbox 167 1340 833 1404; baseline 0 -16"><span class='ocrx_word' id='word_1_128' title='bbox 167 1342 283 1388; x_wconf 73' lang='lat' dir='ltr'>casionum</span> <span class='ocrx_word' id='word_1_129' title='bbox 298 1343 405 1392; x_wconf 79' lang='lat' dir='ltr'>velucitus</span> <span class='ocrx_word' id='word_1_130' title='bbox 421 1342 522 1404; x_wconf 76' lang='lat' dir='ltr'>patitur?</span> <span class='ocrx_word' id='word_1_131' title='bbox 549 1340 608 1387; x_wconf 85' lang='lat' dir='ltr'>Tum</span> <span class='ocrx_word' id='word_1_132' title='bbox 626 1342 712 1388; x_wconf 89' lang='lat' dir='ltr'>nescire</span> <span class='ocrx_word' id='word_1_133' title='bbox 729 1342 833 1402; x_wconf 75' lang='lat' dir='ltr'>quaedsnr</span> 
     </span>
     <span class='ocr_line' id='line_1_20' title="bbox 167 1403 832 1469; baseline 0.002 -16"><span class='ocrx_word' id='word_1_134' title='bbox 167 1406 255 1460; x_wconf 86' lang='lat' dir='ltr'>milites,</span> <span class='ocrx_word' id='word_1_135' title='bbox 273 1421 339 1469; x_wconf 87' lang='lat' dir='ltr'>qusm</span> <span class='ocrx_word' id='word_1_136' title='bbox 354 1408 418 1465; x_wconf 89' lang='lat' dir='ltr'>scire,</span> <span class='ocrx_word' id='word_1_137' title='bbox 436 1414 532 1469; x_wconf 82' lang='lat' dir='ltr'>oportet.</span> <span class='ocrx_word' id='word_1_138' title='bbox 562 1404 599 1454; x_wconf 80' lang='lat' dir='ltr'>Ito</span> <span class='ocrx_word' id='word_1_139' title='bbox 615 1422 639 1454; x_wconf 89' lang='lat' dir='ltr'>se</span> <span class='ocrx_word' id='word_1_140' title='bbox 654 1403 832 1454; x_wconf 77' lang='lat' dir='ltr'>ducum&#39;uncio·</span> 
     </span>
     <span class='ocr_line' id='line_1_21' title="bbox 166 1471 829 1534; baseline -0.002 -15"><span class='ocrx_word' id='word_1_141' title='bbox 166 1472 226 1525; x_wconf 79' lang='lat' dir='ltr'>risu,</span> <span class='ocrx_word' id='word_1_142' title='bbox 244 1473 276 1518; x_wconf 84' lang='lat' dir='ltr'>sic</span> <span class='ocrx_word' id='word_1_143' title='bbox 285 1473 346 1533; x_wconf 80' lang='lat' dir='ltr'>rigor</span> <span class='ocrx_word' id='word_1_144' title='bbox 356 1471 480 1534; x_wconf 73' lang='lat' dir='ltr'>disciplinas</span> <span class='ocrx_word' id='word_1_145' title='bbox 490 1473 563 1527; x_wconf 76' lang='lat' dir='ltr'>hehet,</span> <span class='ocrx_word' id='word_1_146' title='bbox 580 1479 606 1519; x_wconf 86' lang='lat' dir='ltr'>ut</span> <span class='ocrx_word' id='word_1_147' title='bbox 615 1472 686 1518; x_wconf 79' lang='lat' dir='ltr'>muita</span> <span class='ocrx_word' id='word_1_148' title='bbox 696 1472 763 1518; x_wconf 78' lang='lat' dir='ltr'>etism</span> <span class='ocrx_word' id='word_1_149' title='bbox 774 1486 829 1518; x_wconf 85' lang='lat' dir='ltr'>oen·</span> 
     </span>
     <span class='ocr_line' id='line_1_22' title="bbox 166 1533 831 1598; baseline 0.002 -17"><span class='ocrx_word' id='word_1_150' title='bbox 166 1536 265 1587; x_wconf 79' lang='lat' dir='ltr'>curiones</span> <span class='ocrx_word' id='word_1_151' title='bbox 276 1538 420 1598; x_wconf 73' lang='lat' dir='ltr'>tribunosque</span> <span class='ocrx_word' id='word_1_152' title='bbox 431 1537 596 1598; x_wconf 74' lang='lat' dir='ltr'>tontumJ&#39;uben&#39;</span> <span class='ocrx_word' id='word_1_153' title='bbox 605 1533 716 1598; x_wconf 77' lang='lat' dir='ltr'>expediet.</span> <span class='ocrx_word' id='word_1_154' title='bbox 750 1536 782 1591; x_wconf 78' lang='lat' dir='ltr'>Si,</span> <span class='ocrx_word' id='word_1_155' title='bbox 794 1537 831 1582; x_wconf 78' lang='lat' dir='ltr'>uiri</span> 
     </span>
     <span class='ocr_line' id='line_1_23' title="bbox 158 1600 831 1664; baseline 0.003 -17"><span class='ocrx_word' id='word_1_156' title='bbox 158 1602 286 1663; x_wconf 74' lang='lat' dir='ltr'>jubeantur,</span> <span class='ocrx_word' id='word_1_157' title='bbox 303 1616 403 1662; x_wconf 80' lang='lat' dir='ltr'>quaerere</span> <span class='ocrx_word' id='word_1_158' title='bbox 414 1602 510 1664; x_wconf 81' lang='lat' dir='ltr'>singuiis</span> <span class='ocrx_word' id='word_1_159' title='bbox 518 1602 591 1655; x_wconf 81' lang='lat' dir='ltr'>licent,</span> <span class='ocrx_word' id='word_1_160' title='bbox 604 1609 714 1663; x_wconf 85' lang='lat' dir='ltr'>pereunte</span> <span class='ocrx_word' id='word_1_161' title='bbox 723 1600 831 1661; x_wconf 83' lang='lat' dir='ltr'>obsequio</span> 
     </span>
     <span class='ocr_line' id='line_1_24' title="bbox 164 1665 832 1728; baseline 0.001 -17"><span class='ocrx_word' id='word_1_162' title='bbox 164 1666 232 1711; x_wconf 80' lang='lat' dir='ltr'>etiam</span> <span class='ocrx_word' id='word_1_163' title='bbox 250 1667 367 1728; x_wconf 87' lang='lat' dir='ltr'>imperium</span> <span class='ocrx_word' id='word_1_164' title='bbox 379 1668 497 1713; x_wconf 77' lang='lat' dir='ltr'>intercidit.</span> <span class='ocrx_word' id='word_1_165' title='bbox 531 1667 569 1713; x_wconf 82' lang='lat' dir='ltr'>An</span> <span class='ocrx_word' id='word_1_166' title='bbox 580 1673 603 1712; x_wconf 73' lang='lat' dir='ltr'>ct</span> <span class='ocrx_word' id='word_1_167' title='bbox 612 1666 658 1712; x_wconf 90' lang='lat' dir='ltr'>illic</span> <span class='ocrx_word' id='word_1_168' title='bbox 669 1673 737 1712; x_wconf 81' lang='lat' dir='ltr'>nocte</span> <span class='ocrx_word' id='word_1_169' title='bbox 746 1665 832 1712; x_wconf 83' lang='lat' dir='ltr'>intern-</span> 
     </span>
     <span class='ocr_line' id='line_1_25' title="bbox 164 1728 902 1792; baseline 0 -15"><span class='ocrx_word' id='word_1_170' title='bbox 164 1728 229 1790; x_wconf 74' lang='lat' dir='ltr'>pcsti</span> <span class='ocrx_word' id='word_1_171' title='bbox 239 1733 352 1792; x_wconf 77' lang='lat' dir='ltr'>rapientur</span> <span class='ocrx_word' id='word_1_172' title='bbox 362 1731 440 1778; x_wconf 79' lang='lat' dir='ltr'>orma?</span> <span class='ocrx_word' id='word_1_173' title='bbox 451 1746 510 1779; x_wconf 83' lang='lat' dir='ltr'>unus</span> <span class='ocrx_word' id='word_1_174' title='bbox 518 1731 604 1778; x_wconf 74' lang='lat' dir='ltr'>alterve</span> <span class='ocrx_word' id='word_1_175' title='bbox 613 1731 713 1792; x_wconf 81' lang='lat' dir='ltr'>perditus</span> <span class='ocrx_word' id='word_1_176' title='bbox 723 1744 750 1776; x_wconf 86' lang='lat' dir='ltr'>sc</span> <span class='ocrx_word' id='word_1_177' title='bbox 757 1737 834 1777; x_wconf 88' lang='lat' dir='ltr'>ternu·</span> <span class='ocrx_word' id='word_1_178' title='bbox 901 1737 902 1744; x_wconf 59' lang='lat'>¹</span> 
     </span>
     <span class='ocr_line' id='line_1_26' title="bbox 165 1793 835 1857; baseline 0.003 -18"><span class='ocrx_word' id='word_1_179' title='bbox 165 1794 240 1841; x_wconf 85' lang='lat' dir='ltr'>lentus</span> <span class='ocrx_word' id='word_1_180' title='bbox 260 1798 344 1857; x_wconf 88' lang='lat' dir='ltr'>(neque</span> <span class='ocrx_word' id='word_1_181' title='bbox 363 1797 422 1847; x_wconf 85' lang='lat' dir='ltr'>enim</span> <span class='ocrx_word' id='word_1_182' title='bbox 441 1796 517 1857; x_wconf 86' lang='lat' dir='ltr'>piures</span> <span class='ocrx_word' id='word_1_183' title='bbox 534 1795 715 1843; x_wconf 68' lang='lat' dir='ltr'>consternatione</span> <span class='ocrx_word' id='word_1_184' title='bbox 730 1793 835 1855; x_wconf 66' lang='lat' dir='ltr'>proximd</span> 
     </span>
     <span class='ocr_line' id='line_1_27' title="bbox 166 1856 836 1921; baseline 0.007 -19"><span class='ocrx_word' id='word_1_185' title='bbox 166 1856 277 1905; x_wconf 81' lang='lat' dir='ltr'>insanisse</span> <span class='ocrx_word' id='word_1_186' title='bbox 287 1859 428 1921; x_wconf 84' lang='lat' dir='ltr'>crediderim)</span> <span class='ocrx_word' id='word_1_187' title='bbox 441 1860 577 1907; x_wconf 77' lang='lat' dir='ltr'>centurionis</span> <span class='ocrx_word' id='word_1_188' title='bbox 588 1874 615 1907; x_wconf 81' lang='lat' dir='ltr'>sc</span> <span class='ocrx_word' id='word_1_189' title='bbox 625 1860 707 1906; x_wconf 71' lang='lat' dir='ltr'>tribuni</span> <span class='ocrx_word' id='word_1_190' title='bbox 724 1861 836 1921; x_wconf 77' lang='lat' dir='ltr'>unguine</span> 
     </span>
     <span class='ocr_line' id='line_1_28' title="bbox 166 1924 824 1986; baseline 0.002 -18"><span class='ocrx_word' id='word_1_191' title='bbox 166 1936 246 1969; x_wconf 78' lang='lat' dir='ltr'>manus</span> <span class='ocrx_word' id='word_1_192' title='bbox 256 1924 355 1971; x_wconf 68' lang='lat' dir='ltr'>imbuet?</span> <span class='ocrx_word' id='word_1_193' title='bbox 370 1924 511 1986; x_wconf 80' lang='lat' dir='ltr'>imperatoris</span> <span class='ocrx_word' id='word_1_194' title='bbox 521 1925 556 1971; x_wconf 89' lang='lat' dir='ltr'>sui</span> <span class='ocrx_word' id='word_1_195' title='bbox 566 1925 687 1971; x_wconf 83' lang='lat' dir='ltr'>tentorium</span> <span class='ocrx_word' id='word_1_196' title='bbox 697 1924 824 1985; x_wconf 75' lang='lat' dir='ltr'>irrumpet?</span> 
     </span>
     <span class='ocr_line' id='line_1_29' title="bbox 162 1986 835 2051; baseline 0.006 -20"><span class='ocrx_word' id='word_1_197' title='bbox 162 2018 166 2031; x_wconf 79' lang='lat'>.</span> <span class='ocrx_word' id='word_1_198' title='bbox 200 1986 346 2035; x_wconf 86' lang='lat' dir='ltr'>LXXXIV.</span> <span class='ocrx_word' id='word_1_199' title='bbox 357 1996 371 2019; x_wconf 77' lang='lat'>‘⁸</span> <span class='ocrx_word' id='word_1_200' title='bbox 379 1988 430 2037; x_wconf 86' lang='lat' dir='ltr'>Vos</span> <span class='ocrx_word' id='word_1_201' title='bbox 437 1991 526 2051; x_wconf 82' lang='lat' dir='ltr'>quidem</span> <span class='ocrx_word' id='word_1_202' title='bbox 533 1990 695 2051; x_wconf 82' lang='lat' dir='ltr'>istudpromer</span> <span class='ocrx_word' id='word_1_203' title='bbox 710 1989 779 2037; x_wconf 86' lang='lat' dir='ltr'>sedin</span> <span class='ocrx_word' id='word_1_204' title='bbox 788 1989 835 2035; x_wconf 77' lang='lat' dir='ltr'>ois-</span> 
     </span>
     <span class='ocr_line' id='line_1_30' title="bbox 165 2054 831 2115; baseline 0.003 -16"><span class='ocrx_word' id='word_1_205' title='bbox 165 2067 231 2100; x_wconf 87' lang='lat' dir='ltr'>oursu</span> <span class='ocrx_word' id='word_1_206' title='bbox 241 2068 266 2101; x_wconf 88' lang='lat' dir='ltr'>sc</span> <span class='ocrx_word' id='word_1_207' title='bbox 278 2056 375 2103; x_wconf 82' lang='lat' dir='ltr'>tenebris</span> <span class='ocrx_word' id='word_1_208' title='bbox 386 2063 409 2103; x_wconf 86' lang='lat' dir='ltr'>et</span> <span class='ocrx_word' id='word_1_209' title='bbox 417 2070 491 2103; x_wconf 88' lang='lat' dir='ltr'>rerum</span> <span class='ocrx_word' id='word_1_210' title='bbox 502 2056 602 2102; x_wconf 90' lang='lat' dir='ltr'>omnium</span> <span class='ocrx_word' id='word_1_211' title='bbox 612 2054 750 2107; x_wconf 79' lang='lat' dir='ltr'>confusione,</span> <span class='ocrx_word' id='word_1_212' title='bbox 766 2061 831 2115; x_wconf 79' lang='lat' dir='ltr'>pete·</span> 
     </span>
     <span class='ocr_line' id='line_1_31' title="bbox 163 2115 830 2181; baseline 0.003 -18"><span class='ocrx_word' id='word_1_213' title='bbox 163 2115 211 2164; x_wconf 79' lang='lat' dir='ltr'>fleri</span> <span class='ocrx_word' id='word_1_214' title='bbox 222 2120 310 2166; x_wconf 79' lang='lat' dir='ltr'>occasio</span> <span class='ocrx_word' id='word_1_215' title='bbox 321 2121 388 2167; x_wconf 79' lang='lat' dir='ltr'>etiarn</span> <span class='ocrx_word' id='word_1_216' title='bbox 404 2120 512 2167; x_wconf 81' lang='lat' dir='ltr'>adversos</span> <span class='ocrx_word' id='word_1_217' title='bbox 529 2134 566 2165; x_wconf 80' lang='lat' dir='ltr'>me</span> <span class='ocrx_word' id='word_1_218' title='bbox 583 2126 665 2181; x_wconf 79' lang='lat' dir='ltr'>petest.</span> <span class='ocrx_word' id='word_1_219' title='bbox 699 2120 724 2165; x_wconf 82' lang='lat' dir='ltr'>si</span> <span class='ocrx_word' id='word_1_220' title='bbox 735 2117 830 2165; x_wconf 84' lang='lat' dir='ltr'>Vitellio</span> 
     </span>
     <span class='ocr_line' id='line_1_32' title="bbox 161 2182 832 2247; baseline -0.001 -18"><span class='ocrx_word' id='word_1_221' title='bbox 161 2189 186 2229; x_wconf 87' lang='lat' dir='ltr'>ot</span> <span class='ocrx_word' id='word_1_222' title='bbox 197 2184 327 2231; x_wconf 76' lang='lat' dir='ltr'>satellitibus</span> <span class='ocrx_word' id='word_1_223' title='bbox 335 2186 383 2247; x_wconf 90' lang='lat' dir='ltr'>ejus</span> <span class='ocrx_word' id='word_1_224' title='bbox 391 2184 488 2245; x_wconf 81' lang='lat' dir='ltr'>eligendi</span> <span class='ocrx_word' id='word_1_225' title='bbox 498 2184 594 2233; x_wconf 77' lang='lat' dir='ltr'>iscuitss</span> <span class='ocrx_word' id='word_1_226' title='bbox 604 2185 676 2239; x_wconf 82' lang='lat' dir='ltr'>detur,</span> <span class='ocrx_word' id='word_1_227' title='bbox 688 2198 754 2243; x_wconf 86' lang='lat' dir='ltr'>quem</span> <span class='ocrx_word' id='word_1_228' title='bbox 766 2182 832 2229; x_wconf 86' lang='lat' dir='ltr'>nobis</span> 
     </span>
     <span class='ocr_line' id='line_1_33' title="bbox 162 2246 828 2310; baseline 0.003 -18"><span class='ocrx_word' id='word_1_229' title='bbox 162 2247 271 2304; x_wconf 88' lang='lat' dir='ltr'>snimum,</span> <span class='ocrx_word' id='word_1_230' title='bbox 286 2264 341 2309; x_wconf 87' lang='lat' dir='ltr'>quss</span> <span class='ocrx_word' id='word_1_231' title='bbox 351 2255 438 2297; x_wconf 88' lang='lat' dir='ltr'>mentes</span> <span class='ocrx_word' id='word_1_232' title='bbox 449 2249 607 2310; x_wconf 81' lang='lat' dir='ltr'>impreccntur,</span> <span class='ocrx_word' id='word_1_233' title='bbox 617 2249 672 2309; x_wconf 91' lang='lat' dir='ltr'>quid</span> <span class='ocrx_word' id='word_1_234' title='bbox 682 2246 748 2301; x_wconf 82' lang='lat' dir='ltr'>uliud,</span> <span class='ocrx_word' id='word_1_235' title='bbox 758 2260 828 2308; x_wconf 73' lang='lat' dir='ltr'>quens</span> 
     </span>
     <span class='ocr_line' id='line_1_34' title="bbox 164 2312 830 2375; baseline 0.005 -19"><span class='ocrx_word' id='word_1_236' title='bbox 164 2312 295 2358; x_wconf 70' lang='lat' dir='ltr'>seditionem</span> <span class='ocrx_word' id='word_1_237' title='bbox 313 2322 337 2359; x_wconf 90' lang='lat' dir='ltr'>et</span> <span class='ocrx_word' id='word_1_238' title='bbox 351 2313 490 2367; x_wconf 76' lang='lat' dir='ltr'>discordium,</span> <span class='ocrx_word' id='word_1_239' title='bbox 508 2312 633 2375; x_wconf 66' lang='lat' dir='ltr'>optebnnt?</span> <span class='ocrx_word' id='word_1_240' title='bbox 649 2328 678 2359; x_wconf 86' lang='lat' dir='ltr'>ne</span> <span class='ocrx_word' id='word_1_241' title='bbox 693 2313 759 2359; x_wconf 85' lang='lat' dir='ltr'>miles</span> <span class='ocrx_word' id='word_1_242' title='bbox 774 2326 830 2359; x_wconf 86' lang='lat' dir='ltr'>cen·</span> 
     </span>
     <span class='ocr_line' id='line_1_35' title="bbox 164 2376 831 2438; baseline 0.006 -19"><span class='ocrx_word' id='word_1_243' title='bbox 164 2376 253 2429; x_wconf 77' lang='lat' dir='ltr'>turiani,</span> <span class='ocrx_word' id='word_1_244' title='bbox 270 2390 299 2421; x_wconf 89' lang='lat' dir='ltr'>ne</span> <span class='ocrx_word' id='word_1_245' title='bbox 314 2377 417 2423; x_wconf 85' lang='lat' dir='ltr'>centurio</span> <span class='ocrx_word' id='word_1_246' title='bbox 434 2377 523 2425; x_wconf 81' lang='lat' dir='ltr'>tribuno</span> <span class='ocrx_word' id='word_1_247' title='bbox 540 2379 688 2438; x_wconf 74' lang='lat' dir='ltr'>obseqsmturs</span> <span class='ocrx_word' id='word_1_248' title='bbox 707 2377 760 2422; x_wconf 79' lang='lat' dir='ltr'>iiiuc</span> <span class='ocrx_word' id='word_1_249' title='bbox 774 2392 831 2423; x_wconf 88' lang='lat' dir='ltr'>con-</span> 
     </span>
     <span class='ocr_line' id='line_1_36' title="bbox 162 2436 831 2500; baseline 0.01 -19"><span class='ocrx_word' id='word_1_250' title='bbox 162 2436 213 2491; x_wconf 80' lang='lat' dir='ltr'>fusi,</span> <span class='ocrx_word' id='word_1_251' title='bbox 222 2439 308 2498; x_wconf 76' lang='lat' dir='ltr'>pedites</span> <span class='ocrx_word' id='word_1_252' title='bbox 319 2442 454 2500; x_wconf 83' lang='lat' dir='ltr'>equitesque,</span> <span class='ocrx_word' id='word_1_253' title='bbox 463 2442 487 2487; x_wconf 88' lang='lat' dir='ltr'>in</span> <span class='ocrx_word' id='word_1_254' title='bbox 498 2441 591 2491; x_wconf 77' lang='lat' dir='ltr'>exitium</span> <span class='ocrx_word' id='word_1_255' title='bbox 599 2456 696 2487; x_wconf 76' lang='lat' dir='ltr'>ruamus</span> <span class='ocrx_word' id='word_1_256' title='bbox 726 2438 831 2488; x_wconf 84' lang='lat' dir='ltr'>Psrendo</span> 
     </span>
     <span class='ocr_line' id='line_1_37' title="bbox 162 2500 830 2566; baseline 0.01 -21"><span class='ocrx_word' id='word_1_257' title='bbox 162 2500 244 2561; x_wconf 89' lang='lat' dir='ltr'>potius,</span> <span class='ocrx_word' id='word_1_258' title='bbox 261 2504 431 2559; x_wconf 85' lang='lat' dir='ltr'>commilitones,</span> <span class='ocrx_word' id='word_1_259' title='bbox 448 2518 514 2564; x_wconf 74' lang='lat' dir='ltr'>quom</span> <span class='ocrx_word' id='word_1_260' title='bbox 533 2505 626 2566; x_wconf 84' lang='lat' dir='ltr'>imperis</span> <span class='ocrx_word' id='word_1_261' title='bbox 647 2505 730 2551; x_wconf 87' lang='lat' dir='ltr'>ducum</span> <span class='ocrx_word' id='word_1_262' title='bbox 751 2506 830 2552; x_wconf 88' lang='lat' dir='ltr'>scisci·</span> 
     </span>
     <span class='ocr_line' id='line_1_38' title="bbox 163 2565 831 2624; baseline 0.01 -15"><span class='ocrx_word' id='word_1_263' title='bbox 163 2565 238 2620; x_wconf 84' lang='lat' dir='ltr'>tundo,</span> <span class='ocrx_word' id='word_1_264' title='bbox 256 2580 291 2613; x_wconf 87' lang='lat' dir='ltr'>res</span> <span class='ocrx_word' id='word_1_265' title='bbox 310 2568 417 2616; x_wconf 77' lang='lat' dir='ltr'>militares</span> <span class='ocrx_word' id='word_1_266' title='bbox 435 2569 594 2624; x_wconf 87' lang='lat' dir='ltr'>continentur;</span> <span class='ocrx_word' id='word_1_267' title='bbox 611 2576 635 2614; x_wconf 85' lang='lat' dir='ltr'>et</span> <span class='ocrx_word' id='word_1_268' title='bbox 651 2569 788 2615; x_wconf 77' lang='lat' dir='ltr'>fortissimus</span> <span class='ocrx_word' id='word_1_269' title='bbox 806 2570 831 2616; x_wconf 87' lang='lat' dir='ltr'>in</span> 
     </span>
     <span class='ocr_line' id='line_1_39' title="bbox 161 2627 830 2693; baseline 0.013 -21"><span class='ocrx_word' id='word_1_270' title='bbox 161 2627 212 2689; x_wconf 82' lang='lat' dir='ltr'>ipso</span> <span class='ocrx_word' id='word_1_271' title='bbox 230 2629 358 2679; x_wconf 86' lang='lat' dir='ltr'>discrimine</span> <span class='ocrx_word' id='word_1_272' title='bbox 379 2632 492 2680; x_wconf 79' lang='lat' dir='ltr'>exercitus</span> <span class='ocrx_word' id='word_1_273' title='bbox 514 2639 555 2686; x_wconf 74' lang='lat' dir='ltr'>est,</span> <span class='ocrx_word' id='word_1_274' title='bbox 578 2632 616 2693; x_wconf 92' lang='lat' dir='ltr'>qui</span> <span class='ocrx_word' id='word_1_275' title='bbox 637 2639 690 2681; x_wconf 79' lang='lat' dir='ltr'>onte</span> <span class='ocrx_word' id='word_1_276' title='bbox 708 2634 830 2681; x_wconf 81' lang='lat' dir='ltr'>discrimen</span> 
     </span>
    </p>
   </div>
   <div class='ocr_carea' id='block_1_3' title="bbox 0 0 922 2900">
    <p class='ocr_par' dir='ltr' id='par_1_4' title="bbox 0 0 922 2900">
     <span class='ocr_line' id='line_1_40' title="bbox 0 0 922 2900; baseline 0 0"><span class='ocrx_word' id='word_1_277' title='bbox 0 0 922 2900; x_wconf 95' lang='lat' dir='ltr'> </span> 
     </span>
    </p>
   </div>
  </div>
 </body>
</html>
