1834 2900
162 112 209 159 154
241 106 489 157 HISTORIARUM
501 107 607 156 LrnIV.
617 107 677 158 Car.
685 110 829 157 'HLO-82³·

161 238 277 294 bilitatem,
302 246 427 299 caeteraque
448 245 513 287 extra
533 238 641 298 animum,
664 253 739 299 neque
762 239 828 285 bonis

161 316 234 362 neque
241 303 307 349 maiis
315 312 471 351 annumerent,
494 304 637 359 Questorius
646 305 726 358 adbuc,
738 320 752 349 a
762 303 827 349 Peto

161 365 263 414 Thrasel
273 382 344 430 gener
354 369 461 423 delectis,
477 382 491 415 c
500 370 600 415 moribus
610 370 682 415 socerl
696 368 753 414 nibil
764 382 827 428 aeque

160 446 188 477 sc
198 431 322 479 libertatem
334 434 420 481 bausit:
440 434 502 487 civis,
519 440 616 487 smstor,
634 433 735 488 medrus,
750 448 826 494 gener,

160 496 252 553 amicus,
268 498 356 544 cunctis
374 500 429 544 uitae
449 497 528 544 offitiis
547 496 668 559 aequsbilis,
685 512 754 559 opiam
773 512 827 543 con·

162 568 252 617 temtor,
277 562 332 609 recti
352 564 466 624 pervicax,
490 569 595 609 oonmns
619 564 727 609 adversm
749 570 828 608 metus.

163 625 243 683 Erant,
260 628 340 688 quihus
359 628 498 689 appetentior
516 627 583 673 samse
601 627 722 682 videretur,
740 627 827 687 quando

162 691 230 738 etism
241 692 376 753 sapientibus
386 692 466 753 cupido
477 692 557 755 glories
566 692 690 739 novissima
699 693 798 738 exuitur.

196 755 241 801 Vl.
258 755 335 804 Brund
348 757 420 803 soced
436 758 461 803 in
479 757 581 803 exsilium
594 758 680 818 pulsus,
696 764 731 813 ut,
749 757 829 803 Galba

110 836 114 846 ·
161 820 293 882 principatu,
318 822 390 875 rediit,
415 820 550 867 Marcellum
578 820 681 883 Eprium,
706 821 827 867 deletorum

163 882 285 940 Thrsseaer
294 900 398 933 accusare
408 887 545 947 aggreditur.
577 886 614 932 Es
629 886 692 940 ultio,
708 886 827 938 incertum,

164 950 235 1011 major
247 964 276 995 un
282 951 373 1012 justior,
390 958 491 997 senatum
502 952 525 996 in
537 948 610 997 studia
619 950 750 997 diduxmatr
770 964 829 1004 narn,

160 1014 182 1059 si
201 1014 290 1060 caderet
309 1014 439 1070 Marcellus,
465 1029 547 1077 agrum
570 1027 659 1061 reorum
683 1016 829 1061 sternebatur.

163 1075 242 1123 Primo
259 1079 336 1124 minax
352 1087 471 1134 certamen,
489 1088 513 1126 et
528 1080 626 1142 egregiis
643 1079 763 1141 utriusque
779 1096 828 1126 ors·

162 1141 261 1187 tionibus
282 1149 395 1191 testatum.
428 1144 493 1199 Mox,
520 1143 586 1191 dabit
604 1145 721 1191 voluntate
741 1146 828 1196 Gslbae,

162 1206 240 1253 multis
251 1215 379 1255 seuutomm
388 1208 564 1271 deprecantibus,
580 1210 658 1256 omisit
669 1208 779 1266 Priscus3
791 1224 828 1255 va·

164 1270 210 1326 riis,
228 1278 254 1318 ut
264 1274 439 1321 sunthomiuum
450 1274 547 1335 ingenis,
565 1275 711 1328 sermonibus,
728 1275 830 1320 modera-

165 1336 250 1383 tionem
271 1339 418 1396 laudantium,
435 1346 474 1385 aut
495 1341 643 1385 constentiam
660 1340 830 1399 requirentium.

165 1399 287 1456 Ceterum,
299 1418 326 1450 eo
338 1402 429 1451 senatis
440 1404 540 1464 diuque
551 1405 580 1451 de
589 1404 683 1466 imperio
695 1403 831 1466 Vespasitui

164 1467 290 1521 censebant,
297 1468 410 1530 plseuerst
420 1471 479 1516 mitti
489 1470 518 1515 ed
525 1469 646 1531 principem
654 1470 748 1530 legatos.
768 1469 831 1515 Hinc

164 1530 224 1576 inter
231 1530 367 1580 Helvidium
378 1542 401 1580 et
413 1534 508 1595 Eprium
525 1547 577 1580 acre
588 1535 697 1596 jurgium.
731 1534 831 1587 Priscus,

163 1595 218 1658 eligi
237 1597 370 1646 nominatim
388 1613 402 1646 a
420 1600 587 1660 magistrstlbus
599 1600 686 1660 juratis
704 1597 831 1645 Marcellus

165 1672 244 1770 urnam
261 1663 401 1724 postulabat;
419 1675 472 1724 quae
489 1665 586 1709 consulis
597 1664 707 1724 designati
719 1664 833 1710 sententis

176 1734 246 1772 uerat.

197 1788 256 1835 Vll.
273 1789 318 1836 Sed
329 1790 433 1837 Marcelli
445 1792 542 1838 studium
553 1793 656 1854 proprius
665 1793 734 1838 rubor
744 1793 831 1839 excita·

162 1853 207 1906 bat,
224 1869 261 1911 ne,
278 1855 327 1900 sliis
337 1855 421 1908 electis,
436 1857 576 1916 posthabitus
593 1857 736 1903 crederetur:
755 1859 833 1918 nsuls-

165 1917 250 1980 timque
268 1933 308 1980 per
326 1919 494 1966 altercationem
512 1922 541 1967 sd
560 1922 678 1967 continuus
696 1928 720 1967 et
739 1921 834 1968 infestas

165 1983 276 2030 orationes
287 1985 388 2046 provecti
399 1992 458 2038 sunt,
474 1992 592 2045 querente
603 1981 718 2040 Helvidio,
735 1987 792 2048 quid
802 1988 833 2033 its

165 2047 289 2097 Marcellus
301 2050 419 2112 judicium·
429 2050 600 2110 magistratuum
619 2051 768 2112 pavmceret?
786 2066 836 2098 esse

165 2112 197 2158 illi
208 2116 325 2176 meursium
334 2122 359 2162 et
369 2115 526 2176 eloquentiam,
538 2112 589 2176 quis
599 2115 684 2162 multos
694 2117 800 2170 anteiret,
810 2115 834 2162 ni

165 2177 274 2224 memorii
284 2178 419 2240 flagitiorum
428 2186 553 2240 urgeretur.
577 2180 646 2227 Sorte
654 2189 679 2227 et
688 2180 747 2227 uruit
758 2194 835 2228 mom

164 2253 210 2287 aon
230 2243 340 2288 discerni:
366 2243 474 2306 suffragia
491 2251 515 2291 et
533 2245 721 2292 existimationem
741 2244 835 2294 senstds

164 2311 258 2364 reperta⁴
270 2312 295 2350 ut
306 2307 330 2352 in
341 2308 446 2368 cu'usque
455 2309 526 2356 vitum
537 2309 664 2371 samumque
671 2318 832 2372 penetrarentr

164 2368 276 2427 pertinere
292 2369 320 2415 sd
332 2370 363 2416 uti
373 2371 449 2416 itatem
460 2374 594 2434 reipublicae.
610 2375 723 2438 pertinere
733 2376 762 2421 ad
776 2375 836 2422 Ves-

164 2432 248 2490 pasiani
259 2434 374 2488 honorem,
391 2439 556 2493 occurreretur,
567 2455 625 2500 quos
635 2441 835 2488 innocentissimos

164 2501 256 2541 senntus
273 2497 358 2551 babeat,
375 2499 413 2557 qui
423 2499 524 2548 honestis
534 2505 673 2551 sermonibus
683 2520 749 2552 sures
761 2507 836 2568 impe·

165 2558 245 2605 tatoris
255 2559 362 2607 imbuant.
395 2561 476 2609 Fuisse
490 2564 631 2627 Vespssisno
648 2570 770 2617 smicitism
783 2583 836 2617 cum

162 2620 271 2680 Thrasei,
280 2623 373 2682 Somno,
383 2626 476 2684 Seuti03
484 2640 738 2693 quorumsccusstores,
744 2633 840 2683 amussi
