1834 2900
162 122 207 169 156
225 112 471 167 Hlsuourauum
479 114 699 166 Lautorum:
708 119 736 159 U.
746 120 829 160 cess.

162 262 210 295 cam
219 246 371 310 paupertatem
379 248 459 309 qumti,
476 248 568 294 modum
578 248 685 308 impensis
694 246 830 308 postulare·-

161 319 218 359 rant.
252 312 311 360 Eam
329 328 404 373 curam
417 313 501 369 consui
512 313 655 373 designatus
670 313 700 359 ob
710 312 828 372 magnitu-

163 377 237 424 dinem
249 378 323 425 oneris
334 377 458 431 ei‘rcmedii
470 377 629 431 difficultatem,
645 376 737 438 principi
754 390 829 422 reser-

161 442 235 489 vabat.
259 440 390 497 Helvidius,
396 442 488 487 iirbitrio
499 440 590 487 sentus
599 440 720 512 agendum
730 441 829 487 censuit.

163 502 224 553 Cum
235 513 380 569 perrogarent
391 505 632 558 sententiaszconaulss,
641 504 759 551 Vulcatius
766 502 829 551 Ter·

159 571 262 625 tuturus,
285 568 480 631 tribunusplebis,
496 570 627 627 intricant,
644 585 674 615 ue
690 569 743 630 quid
759 582 830 629 super

162 636 225 683 tanti
244 651 274 690 rc,
293 636 392 697 principe
410 636 508 689 absente,
525 642 667 681 statwetur.
700 631 831 681 censuerat

163 699 292 754 Helvidius,
308 706 334 746 ut
351 698 489 760 Capitolium
506 700 593 759 publice
609 700 767 750 restitueretur,
786 698 829 743 ed-

159 765 250 828 juvaret
261 764 419 827 Vespasianus.
434 763 493 809 Eam
505 764 638 809 muntium
648 762 832 809 modestissimus

163 832 256 891 quisque
275 830 369 883 silentio,
393 828 474 875 deinde
490 828 573 875 oblivio
591 827 720 875 transmisit.
752 824 833 875 Fuere

163 896 202 955 qui
214 895 408 941 etmeminissent.
571 908 574 913 ·

195 958 228 1005 X.
240 957 300 1003 Tum
311 959 413 1004 invectus
424 965 459 1005 est
470 957 592 1004 Musonius
603 956 679 1004 Rufus
689 958 712 1002 in
720 954 844 1012 Publium,

164 1021 275 1075 Celerem,
292 1036 305 1067 a
322 1037 366 1083 quo
384 1022 482 1069 Baream
497 1023 608 1069 Soranum
624 1020 682 1069 falso
696 1021 834 1068 testimonio

163 1087 347 1141 circumventum,
372 1089 486 1149 arguebat.
523 1085 561 1133 lta
578 1087 706 1147 cognitione
725 1088 836 1133 renovari

163 1151 214 1197 odia
231 1150 401 1199 accusationum
414 1152 557 1198 videbantur:
577 1151 617 1197 sed
633 1151 685 1197 vilis
702 1158 725 1197 et
741 1164 835 1198 nocens

162 1230 214 1261 reus
232 1216 320 1277 protegi
340 1232 385 1263 non
403 1222 499 1279 poterat.
539 1214 629 1277 Quippe
651 1215 730 1263 Soram
749 1224 837 1262 sancta

163 1280 284 1327 memoria:
305 1279 373 1329 Celer
386 1279 501 1343 professus
512 1280 649 1341 sapientiam,
666 1279 716 1327 dein
727 1278 798 1325 testis
809 1280 836 1327 ia

133 1394 138 1400 ,
164 1345 266 1400 Baream,
289 1346 389 1406 proditor
407 1352 567 1406 corruptorque
585 1344 659 1402 amici,
678 1351 702 1394 ct
719 1343 788 1405 cujus
809 1360 837 1391 se

161 1411 296 1472 magistrum
306 1409 397 1459 ferebat,
422 1408 544 1456 Proximus
554 1409 602 1456 dies
612 1422 687 1456 causas
697 1406 838 1457 deduntur.

164 1475 215 1521 Nec
233 1481 279 1521 tam
297 1474 419 1522 Musonius
435 1480 475 1520 aut
494 1473 593 1527 Publius,
610 1489 677 1535 quam
694 1471 792 1520 Priscus
812 1481 839 1522 et

93 1537 96 1542 '
165 1539 289 1586 Marcellus
300 1541 426 1600 caeterique,
443 1538 551 1586 motisad
562 1539 669 1586 ultionem
683 1537 773 1592 animis,
793 1555 838 1586 cx·

165 1605 326 1665 spectabantur.
596 1637 599 1643 .

197 1668 243 1716 XI.
260 1669 311 1716 Tali
323 1685 396 1716 rerum
408 1675 475 1723 statu,
491 1683 544 1714 cum
556 1667 667 1714 discordia
676 1667 734 1713 inter
743 1675 839 1727 patres,

163 1734 197 1780 irs
213 1736 272 1795 apud
288 1735 368 1787 victos,
385 1734 447 1780 nulla
463 1735 487 1778 in
503 1734 625 1780 victoribus
638 1732 768 1784 auctoritas,
788 1749 841 1781 nou

164 1797 236 1855 leges,
259 1813 305 1845 nou
324 1800 428 1859 princeps
447 1798 581 1844 incivitate
600 1806 682 1851 essent,
698 1795 842 1854 Mucianus,

166 1860 252 1908 Urbem
264 1862 385 1923 ingressus,
401 1870 483 1909 cuncta
492 1863 560 1908 simul
569 1863 593 1908 in
602 1877 626 1908 se
636 1862 711 1908 traxit.
746 1858 843 1910 Fracta

165 1925 236 1973 Primi
254 1926 349 1972 Antonii
365 1925 467 1988 Varique
484 1926 670 1988 Arriipotentia,
686 1925 745 1971 male
766 1926 841 1975 ‹lissi-

102 1987 104 1994 “
163 1989 249 2042 mulaud
258 1992 282 2038 in
293 2005 332 2038 eos
342 1991 446 2038 Muciani
456 1989 575 2044 bacundii,
592 1991 693 2052 quamvis
709 1988 783 2036 vultu
803 2001 843 2040 te-

165 2064 263 2118 geretur.
297 2055 342 2102 Sed
359 2057 446 2113 ciritas,
464 2056 570 2102 rimandis
580 2055 671 2102 offensis
682 2067 761 2116 sagax,
783 2071 844 2104 ver·

164 2127 223 2167 terat
234 2136 264 2176 se,
276 2122 470 2182 transtuleratquc,
497 2118 541 2166 Ille
551 2135 609 2166 unus
618 2120 702 2173 ambiri,
714 2117 780 2167 coli:
797 2136 845 2170 uec

164 2185 308 2246 deeratipse:
328 2186 422 2247 stipatus
432 2186 530 2240 armatis,
545 2185 625 2231 domos
641 2185 768 2243 hortosque
785 2202 845 2248 per-

164 2255 261 2301 mutans,
284 2256 395 2310 apparatu,
418 2251 513 2305 incessu,
537 2250 643 2304 excubiis,
657 2250 704 2296 uim
715 2249 847 2312 principis

165 2312 276 2370 amplecti,
293 2327 375 2359 nomen
392 2316 512 2360 remittere.
545 2313 670 2361 Plurimum
685 2314 786 2361 terroris
807 2317 846 2362 in·

165 2374 216 2419 tulit
226 2374 299 2420 caedes
311 2374 426 2437 Calpurnii
438 2379 560 2425 Galeriam.
591 2376 616 2425 Is
626 2378 669 2425 fuit
678 2375 736 2424 blius
749 2376 788 2426 C.
802 2380 846 2428 Pi·

164 2439 233 2490 sonis,
258 2439 313 2484 nibil
331 2447 418 2487 aususr'
432 2443 471 2488 sed
490 2457 572 2491 nomen
591 2444 688 2506 insigne,
703 2448 727 2488 et
749 2443 847 2494 decora

165 2501 207 2561 ipsi
220 2503 322 2562 juventa,
338 2519 428 2552 rumore
444 2507 507 2568 vulgi
524 2508 702 2556 celebrabantur:
720 2520 848 2572 erantque

164 2565 188 2610 in
206 2565 296 2613 civitate
312 2567 384 2615 adbuc
398 2568 492 2623 turbidi,
508 2578 531 2618 et
542 2574 607 2619 nouis
617 2571 762 2620 sermonibus
774 2575 847 2632 laers,

164 2630 202 2688 qui
210 2630 443 2694 principattlsiuanem
452 2634 563 2685 eisarnam
572 2637 740 2702 circumdarent.
762 2637 849 2690 ,lum
