1834 2900
108 70 194 115 nutu
220 66 695 117 HISTORIARUMLmIV.Cn.25.
723 68 769 115 165

110 196 280 259 aMagontiaoo
291 196 428 246 Batavorum
438 197 548 251 cohortes
564 198 714 245 &cumulatos
725 193 768 245 Oi·

109 262 158 307 vilis
172 270 272 316 conatus,
290 264 367 309 adiciri
377 266 400 309 in
416 266 544 310 societatem
560 264 700 310 Germanos:
719 276 766 308 non

109 324 180 375 Primi
200 327 301 380 Antonii,
323 342 395 389 neque
411 328 521 381 Muciani,
544 342 586 388 ope
604 326 767 389 Vespasianum

109 391 181 449 magis
197 390 333 438 adolevisse:
352 400 428 453 aperta
444 394 500 446 odia,
516 406 621 451 annaque
635 393 707 452 palmo
725 391 766 438 de-

109 454 174 515 pelli:
193 454 291 501 fraudem
306 466 329 502 et
340 458 415 503 dolum
427 459 527 509 obscura,
543 471 615 515 eoque
625 456 768 502 inevitabilia.

111 516 206 569 Cinilen
217 526 275 567 stare
286 528 368 575 contra,
386 530 472 568 struere
481 521 567 567 aciem:
586 519 743 565 Hordeonium
753 534 768 565 e

111 572 252 636 cubicdcet,
263 586 345 633 lectulo
356 588 443 648 jubere,
459 584 566 646 quidquid
577 585 636 630 hosti
651 584 768 629 conducat,

110 645 156 697 Tot
173 658 268 701 armatas
285 651 457 701 fortissimorum
478 651 577 695 virorum
599 662 679 693 manus
700 649 768 693 unius

110 714 168 759 senis
182 714 309 761 valetudine
327 716 382 775 regi.
406 714 477 768 ,Quin
492 716 573 774 potius,
589 712 707 760 interfecto
722 719 770 757 tra·

58 812 61 821 .
108 777 185 830 ditore,
202 777 315 824 fortunam
330 780 480 839 virtutemque
493 792 555 823 auam
571 777 630 823 malo
641 779 717 823 omine
727 790 768 822 ex·

108 842 228 887 solverent.
245 841 291 889 His
302 844 358 889 inter
369 858 393 889 se
401 846 492 889 vocibus
500 843 618 888 instinctos
624 839 769 889 flammavere

108 906 199 966 insuper
218 906 292 953 allatae
310 922 323 952 a
342 907 480 969 Vespasiano
498 908 576 962 literae,
586 922 647 967 ,quas
666 906 768 960 Flaccus,

107 970 159 1029 quia
181 971 286 1017 occultari
307 974 433 1031 nequibant,
455 988 497 1033 pro
519 972 626 1018 concione
647 972 764 1031 recitant:

107 1034 245 1094 vinctusque,
263 1037 301 1095 qui
310 1038 436 1091 attulerant,
453 1037 481 1083 ad
492 1035 609 1082 Vitellium
617 1036 687 1083 misit.

123 1098 225 1150 2XXV.
249 1100 285 1147 Sic
304 1102 412 1163 mitigatis
433 1102 518 1155 animis,
542 1100 654 1155 Bonnam,
677 1102 769 1147 hiberna

106 1164 300 1227 primae‘legionis,
311 1176 412 1213 ventum.
428 1164 544 1211 Inscnsior.
551 1166 596 1211 illic
606 1164 670 1211 miles
680 1165 768 1225 culpam

109 1228 180 1283 cladis,
189 1229 388 1286 inglicrdeonium
399 1231 512 1277 vertebat:
531 1230 653 1292 ejuajussu
663 1229 769 1274 directam

108 1294 333 1350 adversus'nBatavos
354 1296 432 1351 aciem,
456 1303 568 1354 tamquam
588 1308 602 1339 a
623 1292 771 1353 Magantiaco

107 1357 209 1419 legiones
221 1368 376 1418 sequerentur:
390 1359 489 1421 eiusdem
497 1359 707 1420 proditionecacsoa,
719 1357 770 1403 nul·

107 1422 137 1476 lis
148 1424 353 1482 supervenientibus
363 1424 457 1484 auxiliis.
484 1422 568 1486 Ignota
578 1423 722 1470 haeccaetcris
729 1436 770 1468 ex-

109 1487 221 1540 ercitibus,
231 1501 302 1546 neque
310 1489 433 1548 imperatori
443 1505 484 1535 suo
493 1489 602 1534 nuntiari:
616 1484 771 1534 cum'accurau

110 1558 146 1598 tot
163 1552 324 1611 provinciarum
338 1555 451 1616 exstingui
469 1569 549 1614 repens
565 1551 771 1613 perfidiapotuerit·

112 1614 259 1663 Hordeonius
280 1619 413 1679 exemplaria
434 1619 535 1664 omnium
556 1617 682 1668 literarum·
693 1616 772 1675 quibua

110 1695 150 1741 per
168 1680 253 1727 Gallias
269 1680 451 1742 Britanniamque
461 1689 485 1728 et
496 1681 618 1742 Hispanias
629 1680 711 1726 auxilia
721 1695 775 1727 ora·

109 1745 155 1797 bat,
164 1746 270 1791 exercitui
279 1748 392 1803 recitavit3
405 1747 544 1806 instituitque
551 1745 671 1807 pessimum
679 1744 772 1799 lacinus,
803 1777 805 1782 -

110 1816 137 1862 ut
152 1809 251 1870 epistolae
267 1811 385 1870 aquiliferis
402 1811 517 1872 legionum
528 1812 681 1866 moderantum
697 1825 712 1856 a
722 1807 773 1870 quia

103 1874 246 1937 yantemiliti,
257 1891 323 1936 quam
334 1876 432 1930 ducibus,
447 1875 584 1936 legebantur.
616 1873 677 1921 Tum
688 1891 702 1921 e
713 1876 772 1921 sedi·

111 1938 177 1986 tiosis
188 1953 255 1986 unum
262 1940 339 1986 vinciri
345 1941 416 2002 jubet,
423 1941 496 2002 magia
504 1940 623 2002 usurpandi
629 1941 694 2001 juris,
705 1953 772 1998 quam

110 2004 165 2064 quia
181 2004 246 2050 unius
262 2005 327 2066 culpa
336 2005 401 2052 foret.
433 2005 558 2065 Motusque
568 2003 650 2049 Bonud
660 2003 772 2048 exercitus

108 2068 135 2114 in
144 2067 253 2116 coloniam
261 2069 448 2132 Agrippinensem
456 2086 465 2126 ;
473 2069 613 2116 affluentibus
619 2067 707 2114 auxiliis
715 2066 772 2113 Gal·

108 2131 194 2189 lorum,
211 2134 247 2193 qui
265 2135 337 2194 primo
355 2150 401 2180 rem
421 2133 548 2182 Romanam
565 2134 631 2178 enixe
646 2133 769 2194 juvabant:

67 2212 78 2220 ·
110 2211 173 2252 mox,
191 2198 351 2250 valescentibus
363 2199 489 2252 Germania,
500 2199 612 2258 pleraeque
622 2197 723 2243 civitates
733 2196 773 2242 ad·

112 2277 205 2310 versum
219 2277 260 2308 nos
278 2271 369 2309 annatae
386 2277 425 2324 spe
441 2263 562 2318 libertatia3
579 2269 609 2313 et.
625 2262 644 2306 ai
660 2261 776 2307 exuissent

111 2326 237 2382 servitium,
249 2327 352 2388 cupidine
363 2327 508 2389 imperitandi.
540 2326 656 2372 Gliscebat
662 2325 777 2370 iracundia

110 2389 235 2451 legionum,
253 2406 295 2436 nec
306 2398 413 2438 terrorem
425 2391 490 2438 unius
503 2391 581 2436 militia
591 2389 680 2435 vincula
689 2389 776 2434 indide-

111 2461 178 2499 rant:
189 2455 242 2514 quin
249 2455 307 2500 idem
315 2455 352 2502 ille
357 2457 465 2517 arguebat
472 2455 531 2500 ultro
536 2453 693 2499 conscientiam
702 2451 778 2501 ducia;

110 2524 228 2577 tamquam
237 2519 328 2564 nuntius
338 2522 396 2566 inter
404 2517 499 2568 Civilem
508 2517 657 2573 Flaccumque
666 2513 723 2558 falso
734 2511 778 2554 cri-

111 2573 721 2648 minetectisvetiopprimcretur·Conscendituibunal
729 2569 782 2631 Vq·
