1834 2900
175 121 206 164 aa
263 111 509 164 HISTORIARUM
520 111 841 164 mimastrens-

179 244 299 290 decimare
310 244 459 292 sextadecima
470 244 577 306 legiones,
594 244 716 295 nihil'nitra
724 243 844 292 fremitum

180 316 203 356 et
213 309 286 354 minas
299 323 367 363 ausae,
384 309 472 356 initium
483 311 612 372 erumpendi
623 309 845 375 circumspectabant.

161 372 214 420 ‘At
232 373 388 434 insuperiori,
405 373 526 434 quarta'ac
542 375 719 421 duodevicesima
731 374 846 435 legiones,

178 437 257 484 iisdem
272 439 369 486 hibernis
380 439 503 494 tendentes,
519 439 569 500 ipso
577 439 673 486 Kalend.
684 438 844 487 Januariarum

179 501 221 557 die,
238 503 483 565 dirumpuntimagines
495 503 589 561 Gubae3
606 510 684 564 quarta
694 504 752 566 legio
763 519 844 565 prom·

180 566 231 622 tius,
249 568 426 614 duodevicesima
433 573 571 622 cunctanter,
587 583 641 615 mox
652 582 768 614 consensu.
798 567 843 624 Ae,

179 647 209 678 ne
228 633 374 679 reverentiam
393 631 478 693 imperii
497 645 580 679 exuere
600 632 733 687 viderentur,
749 633 846 679 senatlis

179 697 299 759 populique
315 695 412 744 Romani
424 695 590 759 obliterataJam
603 697 693 743 nomina
703 705 846 744 sacramento

179 761 329 809 advocabant:
343 761 405 807 nullo
412 761 538 822 legatorum
544 761 711 808 tribunorumve
717 777 756 822 pro
766 761 847 809 Galba

180 827 273 879 nitente,
296 825 432 886 quibusdam,
450 833 475 871 ut
493 826 516 870 in
536 827 640 888 tumultu,
657 825 774 872 notabilius
792 833 844 873 tur·

179 891 288 938 bentibus.
320 889 374 954 Non
385 895 461 936 tamen
472 890 588 950 quisquam
598 890 621 936 in
629 889 720 936 modum
727 890 845 938 concionis

179 971 193 1001 e
205 958 314 1016 'suggestu
323 951 427 1001 locutus:
446 955 589 1014 nequeenim
601 961 648 1001 erat
656 955 732 1010 adbuc,
748 954 788 1000 cui
798 956 844 1002 im·

193 1026 298 1066 utaretur.

176 1030 191 1082 p
213 1081 279 1130 LVI.
298 1082 414 1144 Spectator
422 1081 501 1144 flagitii
509 1081 656 1130 Hordeonius
668 1081 769 1134 Flaccus,
789 1096 846 1130 con-

162 1139 166 1213 ‘¹
181 1147 259 1195 sularis
267 1148 361 1209 legatus,
373 1147 454 1201 aderat,
471 1163 517 1194 non
528 1163 670 1209 compescere
679 1154 778 1203 ruentes,
797 1164 845 1195 non

180 1207 276 1259 retinere
287 1212 371 1265 dubios,
388 1227 434 1258 non
442 1211 553 1259 cohortari
562 1213 634 1260 bonos
641 1227 720 1260 aususz
740 1211 779 1258 serl
789 1227 845 1276 seg·

180 1278 222 1332 nis,
239 1277 338 1338 pavidus,
355 1283 378 1322 et
389 1274 490 1322 socordii
501 1277 617 1323 innocens.
649 1276 753 1330 Quatuor
762 1284 846 1323 centu·

112 1380 116 1390 ,
179 1343 253 1389 riones
260 1341 444 1388 duodevicesima
451 1341 556 1402 legionis,
560 1340 651 1388 Nonius
659 1341 780 1403 Receptus,
789 1339 846 1390 Db·

161 1460 163 1467 ,
181 1407 255 1454 nntius
267 1405 358 1461 Valens,
376 1403 489 1453 Romilius
499 1405 637 1461 Marcellus,=
648 1404 846 1469 CaipunriusR'e·

180 1472 291 1535 pentinus,
308 1486 358 1515 cum
375 1476 520 1533 protegerent
531 1470 611 1517 Galbae
624 1470 744 1533 imagines,
755 1470 846 1533 impetu

179 1536 275 1583 militum
290 1535 373 1596 abrepti
388 1535 509 1595 vinctique.
542 1532 598 1582 Nec
604 1536 707 1595 cuiquam
718 1537 775 1582 nitra
787 1535 847 1585 fiaes

140 1641 143 1647 .
179 1606 218 1649 aut
233 1600 341 1646 memoria
354 1600 435 1662 prioris
450 1601 595 1647 sacramenti:
615 1602 660 1656 sed,
677 1601 737 1661 quod
747 1602 769 1647 in
783 1601 846 1649 sedi·

181 1666 279 1713 tionibus
300 1664 387 1720 accidit,
410 1665 470 1710 unde
488 1666 563 1726 plures
581 1673 652 1719 erant,
675 1680 753 1711 ornnes
766 1663 846 1714 inere.

179 1728 261 1784 Nocte,
279 1744 330 1790 quae
342 1728 394 1777 Kal.
405 1728 523 1777 Januarias
540 1738 617 1776 secuta
631 1737 673 1784 est,
689 1729 846 1778 in'coloniam

179 1794 369 1855 Agrippinensem
380 1793 482 1855 aquilifer
489 1801 575 1857 quartae
586 1791 687 1860 legionis·
692 1792 791 1857 epulanti
798 1794 846 1842 Vi·

161 1862 164 1871 '
178 1858 241 1906 tellio
257 1859 353 1916 nuntiat,
370 1866 470 1920 quartam
482 1865 505 1905 et
516 1858 717 1905 duodevicesimam
731 1856 846 1920 legiones,

159 1918 282 2039 'pppjectis
302 1923 382 1971 Galbae
403 1924 544 1985 imaginibus,
566 1919 704 1971 in'senatlts
725 1930 748 1970 et
765 1926 848 1989 populi

218 2005 248 2036 m.
260 1989 327 2037 verba
332 1987 430 2051 jurisse.
462 1986 490 2034 Id
500 1986 740 2036 sacramentum'inane
748 1989 842 2037 risum:

177 2056 282 2117 occupari
299 2061 416 2103 nutantem
428 2050 560 2108 Fortunam,
577 2061 603 2099 'et
619 2049 693 2100 oil'erri
710 2051 844 2115 principem,

177 2120 267 2183 placuit.
299 2119 366 2167 Missi
378 2135 391 2166 a
402 2118 496 2165 Vitellio
506 2118 535 2165 ari
544 2118 646 2181 legiones
653 2116 792 2183 legatosque,
802 2119 845 2180 'q'ui
910 2169 911 2180 ,

177 2184 299 2232 descivisse
309 2198 322 2231 a
331 2182 404 2230 Galbrl
411 2184 548 2246 superiorem
555 2181 688 2241 exercitum,
698 2184 843 2236 nuntiarent:
910 2185 911 2200 ¹

159 2250 163 2262 ‘
176 2249 271 2313 proinde
282 2254 321 2296 aut
333 2248 459 2295 bellandum
471 2248 579 2295 adversus
589 2247 751 2302 desciscentes-,¹
761 2254 808 2303 aut,

178 2313 298 2360 concordia
305 2320 329 2358 et
338 2328 383 2372 pax
389 2313 482 2374 placeat,
498 2312 804 2374 faciendnmimperntorem:
815 2320 845 2360 ‘et
910 2313 911 2332 ¹

177 2378 264 2422 minore
274 2374 401 2421 discrimine
412 2377 469 2422 sumi
479 2378 608 2439 principem,
625 2391 692 2437 qnam
704 2377 781 2437 quaeri.

156 2490 160 2496 Ι
209 2436 292 2482 LVII.
308 2436 415 2484 Proxima
423 2440 520 2501 legionis
529 2442 608 2500 primae
624 2438 716 2486 brbe'rna
731 2442 846 2494 erant'et
910 2429 911 2442 ἦ

175 2501 339 2564 promtissimus
350 2516 363 2545 e
373 2501 453 2561 legatis
471 2501 553 2550 Fabius
568 2502 662 2551 Valens.
695 2502 721 2551 Is
738 2504 774 2551 die
786 2519 844 2566 pos-

164 2548 224 2615 χὶιεῐο
238 2563 348 2611 coloniam
360 2562 548 2625 Agrippinensem
560 2581 612 2613 cum
622 2568 752 2629 equfflbugq
782 2569 845 2619 .οώ
910 2537 911 2578 3

175 2626 383 2687 auxiliariorumque
401 2627 523 2688 ingram
540 2628 744 2693 summm„
788 2633 844 2680 M·
