1834 2900
159 134 206 179 144
223 120 585 176 HISTORIARUMLralll.
593 119 698 170 canisi.
710 124 823 165 ΗΜ.

156 272 259 307 sermone
275 256 384 315 vultuque
394 254 550 315 excipiuntur3
567 250 720 305 frementibus,
737 252 777 311 qui
783 254 822 315 jus

156 323 230 377 endis,
247 329 271 368 et
281 321 373 381 praernia
383 326 473 365 navatae
480 331 562 379 operte,
574 318 685 378 petebant·
717 314 823 364 Clamore

156 404 170 435 a
180 387 288 448 proximis
296 393 354 440 orto,
367 384 455 430 sordida
464 397 516 443 pars
523 382 593 443 plebis
600 381 733 443 supplicium
745 381 821 428 Sabini

155 452 264 514 exposcit,
276 451 348 496 minas
359 448 541 507 adulationesque
550 447 637 493 misoet.
669 445 773 494 Stantem
781 462 822 507 pro

155 516 261 578 gradibus
273 514 353 561 Palatii
365 510 490 566 Vitellium,
507 519 530 556 et
540 526 618 571 preces
631 519 754 572 parantem,
771 526 821 573 per-

153 579 236 635 vicdre,
248 588 273 627 ut
288 580 411 626 absisteret,
444 575 505 622 Tum
513 575 642 621 maiomam
652 575 820 622 collsoeratum·

155 662 205 707 que,
223 654 246 692 et
263 646 334 707 capite
348 650 462 697 truncum,
479 654 561 701 eorpus
573 639 649 687 Sabini
659 640 683 685 in
696 639 822 693 Gemonias

154 713 252 759 trahunt.

189 773 294 822 LXXV.
317 772 365 819 Hic
383 772 458 818 exitus
476 770 518 815 sisi
538 769 597 816 band
616 784 671 816 sane
693 771 821 830 spernendi.

157 842 264 901 Quinque
282 844 306 884 et
323 838 414 899 triginta
432 834 542 896 stipendis
557 835 581 879 in
601 833 712 896 republiei
729 834 821 890 fecerat,

155 906 216 953 domi
237 903 367 962 militiaeque
385 902 472 947 clarus:
498 900 650 945 innocentiam
664 898 823 960 justitiamque

114 980 117 985 '
154 973 203 1032 ejus
215 983 260 1014 non
271 981 389 1029 argueres:
410 964 519 1012 sermonis
530 964 612 1010 nimius
622 971 678 1010 erat.
709 961 820 1011 Idunum

154 1041 240 1095 neptem
262 1034 333 1085 annis,
356 1030 436 1089 quibus
455 1028 570 1082 Maeciam,
593 1028 718 1082 duodecim,
741 1029 822 1089 quibus

169 1096 310 1145 refectorem
323 1094 392 1142 Urbis
402 1094 506 1148 obtinuit,
522 1093 669 1139 calumniatus
685 1100 720 1139 est
736 1098 821 1140 rumor.

153 1116 184 1211 in
195 1160 239 1207 line
251 1161 304 1208 vitae
314 1160 351 1207 alii
359 1174 461 1221 segnem,
477 1158 542 1204 multi
552 1158 691 1205 moderatum
702 1164 726 1203 et
737 1159 820 1205 cisium

153 1226 270 1289 sanguinis
277 1240 367 1288 parcum
379 1220 500 1270 credidere.
528 1221 597 1275 Quod
604 1223 663 1269 inter
673 1236 754 1269 omnes
764 1238 819 1269 eon·

153 1292 242 1345 stiterit,
258 1298 311 1338 ante
329 1289 477 1352 principatum
495 1286 635 1348 Vespasiani,
651 1287 720 1333 decus
740 1288 821 1335 domas

53 1362 64 1375 “
152 1372 222 1419 penes
234 1356 340 1403 Sabinum
352 1362 406 1400 erat.
438 1351 532 1401 Caedem
540 1350 753 1414 ejuslaetamsnisse
763 1352 821 1399 Ma-

153 1421 358 1482 cianoaecepimus.
392 1417 697 1478 Ferebantpleriqumtiam
705 1418 820 1478 paoicon·

153 1487 245 1540 auitum,
257 1484 352 1531 diremti
363 1483 506 1530 aernulatione
513 1483 572 1529 inter
582 1483 646 1536 duos,
657 1497 753 1542 quorum
762 1483 821 1530 alter

133 1577 135 1580 ·
153 1567 178 1600 se
188 1550 280 1598 fratrem
291 1549 438 1610 imperatoris,
453 1547 510 1593 alter
520 1554 646 1593 consortem
655 1548 743 1608 imperii
754 1549 821 1610 cogi·

152 1623 218 1668 taret.
252 1614 297 1661 Sed
319 1613 425 1660 Vitellius
443 1611 542 1658 consulis
563 1611 695 1673 supplicium
715 1614 821 1673 poscenti

152 1681 235 1744 populo
254 1679 341 1732 restitit,
364 1677 473 1740 placatus,
495 1691 523 1723 ac
539 1676 603 1722 velut
621 1676 694 1722 sicem
713 1677 819 1735 reddens,

152 1746 212 1806 quod
223 1744 418 1804 interrogantibus,
429 1742 480 1803 quis
492 1739 628 1802 Capitolium
638 1741 783 1797 incendisset,
795 1758 822 1789 se

119 1807 123 1816 '
152 1825 215 1856 reum
228 1807 319 1854 Atticus
330 1807 453 1854 obtulerat:
472 1802 701 1866 esiqneeonfessioae,
718 1807 766 1853 sive
777 1822 820 1869 ap-

151 1880 200 1920 tum
220 1871 315 1932 tempori
332 1871 473 1918 mendacium
490 1870 541 1924 fuit,
563 1871 669 1917 invidiam
688 1872 821 1932 crimenque
852 1866 857 1872 ¹

151 1934 822 2062 eiuresrriuuuununen

150 2067 271 2116 Feroniam
280 2067 364 2122 eastris,
372 2063 823 2122 exscidio'l'arrscinaeimminebat5clsu-

150 2134 182 2184 sis
198 2133 244 2179 illic
261 2131 420 2194 gladiatoribus
437 2129 609 2190 remigibusque,
625 2127 664 2189 qni
680 2143 727 2174 non
813 2131 820 2142 '

150 2199 241 2248 maenia,
259 2211 331 2256 neque
346 2195 469 2258 periculum
479 2194 503 2239 in
514 2201 591 2255 aperto
601 2193 718 2239 audebant.

149 2273 205 2314 erat,
221 2267 325 2321 utsupra
335 2259 515 2311 memoravimus,
531 2255 637 2304 Julianus
648 2257 821 2318 gladiatorsbus,

149 2323 287 2384 Apollinaris
304 2324 439 2384 remigibusz
458 2319 553 2369 lascivit
569 2319 713 2382 socerdilque
729 2322 821 2384 gladia·

148 2394 223 2433 torum
235 2387 308 2447 magis
318 2401 385 2446 quam
396 2387 478 2432 ducum
486 2384 578 2440 similes,
589 2400 636 2433 non
644 2386 820 2448 vigilisssgere,

149 2465 195 2496 non
212 2450 286 2495 intuta
300 2449 409 2496 maenium
422 2449 518 2505 firmare,
536 2457 605 2497 noctu
622 2450 703 2511 dieque
719 2449 778 2497 limi
796 2461 822 2500 et

148 2526 238 2562 amoens
256 2513 347 2562 litorum
365 2520 519 2574 personantes,
535 2514 559 2560 in
578 2514 729 2562 ministaium
747 2515 822 2571 luxus

148 2577 253 2641 dispersis
270 2577 384 2631 militibus,
400 2577 429 2624 de
446 2578 506 2624 bello
524 2584 613 2625 tantum
630 2579 692 2626 inter
709 2581 822 2630 convivia

146 2641 302 2703 loquebantur.
333 2640 422 2690 Paucos
438 2649 493 2691 ante
508 2641 556 2690 dies
571 2643 704 2692 diesem
715 2645 822 2707 Apinius
