1834 2900
70 81 661 177 J.c.ro.mST0R1ARUMLmLcm.⁵n
718 133 751 176 ss

71 257 134 304 lium
146 258 305 305 consalutauit.
320 258 410 306 Secutae
418 257 506 319 ingenti
516 257 638 304 certamine
648 257 748 320 ejusdem

75 323 210 384 provinciae
226 323 340 384 legiones:
360 329 384 369 et
398 323 498 383 superior
510 324 627 377 exercitus,
644 323 751 386 speciosis

77 387 179 433 senatlls
198 387 317 448 populique
335 387 433 433 Romami
455 387 582 433 nominibus
603 387 693 443 relictis,
709 384 752 433 111

73 449 164 497 Nonas
175 449 293 498 Ianuarias
301 450 393 498 Vitellio
402 451 510 498 occessit:
525 451 592 498 scires
604 451 667 499 illum
675 452 750 513 priore
790 504 792 509 ,

76 515 152 561 biduo
164 530 210 562 non
221 531 289 578 penes
303 516 462 578 rempublicam
478 513 555 562 fuisse.
587 515 698 562 Ardorem
709 531 750 562 ex·

78 579 200 630 ercitum,
212 581 398 642 Agrippinenses,
415 579 518 634 Treveri,
536 578 653 640 Lingones
672 595 749 640 aequa·

76 644 142 699 bunt,
159 645 249 700 auxilia,
266 660 344 706 equos,
361 659 429 700 arma,
448 644 555 706 pecunias
576 643 701 698 offerentes,
724 651 750 691 ut

77 709 178 771 quisque
186 724 285 772 corpore,
303 710 388 771 opibus,
399 709 491 770 ingenio
499 709 594 755 validus.
626 708 678 754 Nec
688 709 750 770 prin·

78 775 143 835 cipes
158 774 228 821 modo
239 775 376 820 coloniarum
394 781 433 819 sut
448 781 580 830 castrorum,
597 774 677 833 quibus
692 788 751 834 prae·

77 840 155 886 sentia
163 853 194 884 ex
205 838 311 894 affluenti,
323 847 347 885 et
356 835 419 900 psrtd
429 837 523 885 victoriis
534 853 624 900 magnae
635 853 700 899 spes3
713 837 752 883 sed

78 903 192 964 manipuli
212 917 301 962 quoque
320 910 343 948 et
358 904 475 964 gregarius
492 903 557 951 miles
574 903 654 949 viatios
670 917 711 948 sua
727 909 751 948 et

77 967 169 1014 balteos
187 967 339 1027 phalerasque,
356 967 454 1028 insignia
472 981 583 1013 armorum
602 973 696 1028 argento
710 966 750 1014 de·

78 1046 140 1084 cora,
153 1031 206 1078 loco
216 1031 318 1093 pecunias
330 1032 461 1088 tradebant3
478 1031 586 1078 instinctu
596 1040 620 1078 et
629 1034 715 1093 impetu
726 1038 750 1078 et

80 1095 188 1142 avaritie.

114 1157 214 1206 LVIII.
229 1157 310 1222 Igitur,
325 1159 414 1207 leudstir
428 1160 523 1207 militum
535 1161 655 1216 alacritate,
672 1159 748 1207 Vitel-

78 1224 133 1281 lius,
151 1225 275 1271 ministeria
282 1225 426 1286 principatds,
442 1241 482 1286 per
492 1226 582 1272 libertos
593 1227 630 1286 sgi
641 1225 714 1279 solita,
725 1227 750 1273 in

79 1290 171 1350 equites
187 1288 304 1336 Romanos
315 1289 425 1350 disponit:
444 1291 573 1350 vacationes
583 1291 750 1336 centurionibus

80 1368 111 1400 ex
128 1352 186 1400 fisco
202 1361 318 1400 numerat:
339 1354 446 1400 saevitiam
465 1353 568 1408 militum,
585 1355 702 1414 plerosque
720 1355 749 1402 sd

79 1432 177 1481 poeuam
195 1418 370 1479 exposcentium,
388 1418 471 1479 saepius
489 1419 600 1481 approbat,
618 1419 697 1480 purtim
717 1420 748 1465 si·

81 1482 488 1531 mulstioneriuculorumlrustratur.
521 1483 643 1545 Pompeius
652 1482 749 1545 Propin-

82 1560 150 1607 quus,
162 1554 291 1608 procurator
302 1547 409 1609 Belgicae,
422 1548 496 1593 statim
507 1548 646 1595 interiectus.
662 1547 749 1596 Jqum

82 1610 223 1665 Burdonem,
240 1612 383 1659 Germanicos
393 1613 471 1659 classis
481 1611 619 1673 praefectum,
635 1620 684 1659 astu
696 1614 749 1670 sub7

83 1677 161 1723 traxit.
194 1676 317 1723 Exarserat
328 1678 351 1723 in
361 1692 413 1722 eum
425 1676 539 1723 iracundia
556 1676 674 1732 exercitus,
691 1683 749 1723 tam·

82 1756 149 1803 quam
161 1742 246 1787 crimen
257 1757 283 1787 ec
295 1756 349 1789 mox
356 1741 446 1788 insidias
453 1739 550 1790 Fonteio
558 1738 662 1803 Capitoni
673 1748 749 1787 strux-

88 1806 151 1852 isset.
184 1806 257 1853 Grata
271 1813 320 1853 erat
338 1803 583 1868 memoriaCapitonis:
602 1812 626 1852 et
636 1806 694 1867 opud
705 1821 749 1853 sm-

84 1872 173 1916 vientes
189 1871 289 1917 occidere
306 1870 386 1931 pelam,
403 1872 521 1932 ignoscere
534 1886 581 1917 non
591 1870 634 1918 nisi
644 1870 748 1926 sallendo,

83 1935 172 1981 licebat
205 1932 242 1981 Ita
259 1935 281 1981 in
299 1932 399 1981 custodiit
410 1936 512 1994 habitus3
529 1944 553 1981 et
567 1942 618 1997 post
631 1938 749 1983 victoriam

84 2000 183 2055 demum,
201 2000 276 2045 stratis
283 2000 331 2063 Jam
342 2000 438 2047 militum
449 2000 512 2054 odiis,
521 2001 625 2046 dimissus
633 2010 674 2047 est.
707 1998 748 2045 In-

86 2065 158 2119 terim,
176 2071 202 2109 ut
212 2064 330 2125 piaculum,
347 2066 449 2127 objicitur
457 2064 558 2111 centurio
570 2062 694 2126 Crispinus,
711 2065 750 2124 qui

85 2130 227 2189 sesanguine
239 2126 354 2191 Capltonis
365 2137 532 2176 cruentaverat:
552 2144 624 2189 eoque
637 2137 661 2176 et
670 2136 748 2190 postu·

87 2193 182 2241 lantibus
193 2192 330 2241 manifestior
341 2200 364 2241 et
374 2194 475 2256 punienti
485 2194 551 2240 vilior
560 2193 610 2241 luit.

136 2256 204 2304 LIX.
229 2256 304 2305 Julius
325 2258 404 2305 deinde
424 2257 504 2307 Civilis
521 2259 620 2321 periculo
641 2266 750 2314 exemtus,
788 2303 790 2306 .

88 2322 751 2450 utilitifltilllttl‘ttltllrtllil'tl

93 2448 227 2497 Batavorum
239 2452 348 2507 cohortes,
365 2453 543 2512 quartadecimae
556 2454 653 2514 legionis
663 2452 751 2503 auxilia.

92 2522 137 2561 tum
155 2515 267 2561 discordia
283 2524 408 2577 temporum
427 2517 543 2577 elegione
557 2516 670 2575 digressae,
686 2520 754 2573 prout

93 2576 241 2629 inclindsscnt,
258 2580 343 2639 grande
359 2587 507 2630 momentum,
519 2579 587 2623 sociae
598 2584 637 2623 aut
648 2578 755 2621 advene.

94 2642 200 2699 Nouium,
224 2642 357 2698 Donatium,
380 2636 513 2697 Romilium,
531 2639 685 2699 Calpurnium»
701 2649 755 2678 ⁰⁸¹1·
