1834 2900
87 132 141 172 sc.
152 136 185 179 ro.
204 121 692 183 nssronrnnuurnn111.cn.sr.
710 138 757 181 sss
810 120 819 129 '

88 260 198 309 loedarum
210 264 514 325 volucrrmrsupervolitasit,
530 272 557 311 ut
567 266 626 313 nube
635 264 685 313 atri
693 265 755 311 diem

10 362 12 373 .
88 328 242 374 obtenderent.
274 328 380 375 Accessit
396 330 469 375 dirum
484 344 558 385 omen,
573 331 684 392 profugus
697 330 755 376 alta·

87 392 149 438 ribus
167 400 251 447 taurus,
269 394 360 455 disjecto
378 392 479 440 sacrificii
490 402 603 456 apparatu,
618 396 754 456 longenec

88 456 125 502 ubi
136 456 198 503 feriri
210 457 292 503 hostias
302 472 351 504 mos
361 465 403 513 est,
412 458 536 505 confossus.
561 460 605 505 Sed
615 461 753 521 precipuum

87 521 137 581 ipse
155 520 261 569 Vitellius
279 528 392 569 ostentum
411 530 466 577 erat,
489 524 582 585 ignarus
600 515 693 577 miiitiae,
708 525 753 568 im-

86 586 195 647 providus
211 586 305 641 consilii,
322 587 372 648 quia
389 589 444 634 ordo
460 588 564 648 agminis,
581 603 632 648 quae
648 603 702 634 cura
712 601 754 633 ex·

86 650 195 711 plorandi,
211 659 311 713 quantus
326 652 427 714 urgendo
442 652 580 699 trahendove
596 652 655 701 bello
666 652 753 706 modus,

85 715 142 762 aiios
149 718 256 779 rogitans,
273 724 303 771 et,
314 716 343 763 ad
353 732 432 763 omnes
444 716 541 771 nuntios,
556 717 622 763 vultu
633 732 723 777 quoque
730 724 755 763 et

85 780 175 827 incessu
184 782 289 843 trepidus,
306 781 358 827 dein
369 782 512 828 temulentus.
547 780 673 834 Postremo,
684 781 754 827 taedio

84 852 216 900 castrorum,
234 855 257 891 et
276 843 350 892 auditi
368 846 493 893 defectione
511 845 649 893 Misenensis
668 846 752 899 classis,

85 909 185 957 Romam
196 911 295 965 revertit,
312 912 489 958 recentissimum
505 912 609 972 quodque
620 912 701 958 vulnus
711 926 753 973 pa·

84 990 148 1029 vens,
174 976 257 1021 summi
278 975 411 1025 discriminis
432 976 563 1023 incuriosus.
603 976 681 1032 Nam‚-
697 991 751 1023 cum

83 1040 211 1101 transgredi
229 1040 379 1101 Apenninum,
396 1042 486 1103 integro
496 1041 607 1088 εχει-αἰτῶ
618 1044 653 1088 sui
664 1038 751 1096 roliers,

83 1110 109 1151 et
118 1103 350 1167 sessosniemessque
357 1103 433 1167 inopiA
440 1107 516 1152 lrostea
526 1107 625 1167 aggredi,
637 1108 661 1153 in
672 1113 751 1169 aperto

82 1169 230 1224 foretndum
248 1170 357 1233 dispergit
374 1170 440 1225 vires,
456 1171 588 1217 acerrimum
607 1172 708 1225 militem,
725 1177 750 1220 et

83 1234 197 1294 usquein
215 1242 316 1281 extrema
330 1234 472 1289 obstinatum,
488 1236 643 1282 trucidandum
660 1237 750 1297 capien-

82 1298 182 1359 dumque
192 1299 288 1354 tradidit,
299 1300 440 1360 peritissimis
450 1301 604 1346 centurionum
616 1300 750 1346 dissentien-

82 1363 151 1419 tibus,
169 1370 198 1418 et,
216 1365 234 1411 si
251 1364 427 1417 consulerentur,
444 1379 498 1410 vera
515 1363 616 1411 dicturis.
648 1361 752 1411 Arcoire

82 1443 123 1476 eos
141 1428 215 1475 intimi
232 1429 355 1476 amicorum
369 1427 464 1483 Vitellii,
480 1428 628 1480 informatis
644 1428 750 1491 principis

80 1493 180 1546 auribus,
202 1500 227 1538 ut
246 1509 328 1555 aspere,
345 1493 485 1555 quaeutilis,
502 1509 544 1541 nec
562 1495 688 1555 quidquam,
706 1494 750 1542 nisi

76 1557 208 1620 Jucundum
219 1563 242 1602 et
252 1557 365 1614 laesurum,
383 1560 500 1619 acciperet.

115 1619 199 1667 LVII.
216 1621 361 1670 Sedelassem
373 1623 528 1670 Misenensem
537 1625 637 1686 (mnium
647 1621 750 1669 civilibus

81 1687 201 1733 discordiis
211 1687 277 1734 etism
289 1687 429 1749 singulorum
446 1688 538 1734 audacia
553 1685 624 1747 valet)
640 1685 751 1734 cnuuius

81 1749 231 1808 Faventinus,
248 1753 359 1808 centurio,
374 1752 576 1814 perignominiam
594 1765 608 1798 a
625 1747 698 1798 Gaibi
714 1750 749 1796 di-

81 1817 172 1869 missus,
190 1813 219 1862 ad
228 1816 376 1866 desectionem
390 1817 466 1872 traxit,
482 1815 540 1864 fictis
551 1815 683 1878 Vespasiani
700 1816 749 1877 epi-

82 1880 149 1928 stolis
162 1882 257 1942 pretium
269 1881 401 1942 proditionis
415 1889 540 1932 ostentans.
573 1879 673 1928 Praeerat
683 1880 750 1926 classi

69 1943 194 1994 claudus
211 1945 355 2008 Apollinaris,
379 1961 451 2007 neque
469 1945 521 1993 iidei
540 1954 652 1999 constans,
675 1959 750 2004 neque

80 2017 189 2058 strenuus
199 2010 222 2056 in
233 2008 338 2072 perfidiis
347 2017 381 2057 ‚et
389 2011 486 2072 Apinius
496 2010 559 2065 Tiro,
575 2007 674 2071 praewri
682 2008 749 2055 lunc·

79 2082 125 2130 tus,
143 2089 174 2122 ac.
181 2081 229 2122 tum
238 2075 298 2122 forte
310 2074 435 2122 Minturnis
451 2090 529 2136 ageos,
546 2074 626 2120 ducem
637 2088 662 2119 se
672 2071 748 2117 deiec-

80 2141 168 2188 tonnus
185 2140 278 2186 obtulit:
297 2155 311 2186 a
328 2140 408 2200 quibus
421 2139 544 2201 municipia
558 2137 697 2197 coloniaeque
704 2136 748 2181 im·

79 2204 160 2267 pulsae,
176 2205 291 2266 praecipuo
304 2203 482 2252 Puteolanorum
491 2205 516 2249 in
525 2202 691 2264 Vespasianum
699 2207 749 2247 stu·
804 2205 808 2215 “

80 2269 128 2326 dio,
146 2275 224 2316 contra
239 2267 319 2332 Capui
332 2268 423 2316 Vitellio
434 2267 487 2324 fidi,
504 2267 662 2328 municipalem
676 2273 748 2312 remu·

78 2333 188 2380 lunonem
201 2333 265 2380 bellis
281 2334 383 2381 civilibus
399 2333 530 2380 miscebant.
560 2331 667 2378 Vitellius
678 2329 750 2380 cna

80 2397 145 2444 dium
161 2395 278 2446 Julisonm
290 2399 321 2462 (is
332 2413 404 2460 nuper
414 2397 509 2446 classem
521 2397 676 2444 Misenensem
686 2394 750 2443 molli

79 2461 176 2524 irnperio
184 2461 284 2524 reserat)
290 2463 455 2526 permulcendis
461 2463 558 2508 militum
565 2459 747 2519 animisdelegit:

78 2526 133 2574 data
140 2527 280 2574 inauxilium
292 2528 375 2574 urbana
385 2527 474 2581 cohors,
485 2535 510 2572 et
519 2525 661 2586 gladiatores,
669 2522 750 2581 quibus

79 2587 188 2638 Julianus
197 2598 300 2652 praesaat.
311 2629 313 2634 ,
332 2590 584 2648 Utcollatantrimque
594 2593 674 2659 mana.
690 2580 752 2628 haud

78 2653 166 2716 magni
172 2655 316 2706 cunctatione
322 2654 416 2705 Junsso
424 2649 752 2718 inputssVupatiflmi‘ffl*

115 2733 169 2770 von.
184 2732 221 2767 ιιι.
545 2727 564 2760 ¹
