1834 2900
162 125 177 166 4
251 113 686 167 HISTORIARUMLmLcls.s
711 119 825 160 monus.

193 245 229 294 11.
244 248 309 311 Opus
319 248 439 311 aggredior
448 248 548 311 opimum
555 248 721 303 casibttutm
730 245 825 309 proertis,

162 314 247 362 discors
259 313 409 368 seditionibus,
424 313 474 376 ipsi
483 313 551 360 etiam
564 327 619 375 pace
632 327 725 359 aarum
757 310 824 365 Qun-

161 385 214 426 tucr
229 379 339 442 principes
354 377 414 425 ferro
430 378 550 424 interemti.
580 373 652 424 Triss
662 377 721 423 bella
731 375 824 432 civilia3

161 445 225 506 plura
236 451 335 498 externa,
346 457 372 489 ac
378 443 510 504 plerumque
521 442 638 504 permixta.
670 439 789 504 Prosperae
800 441 825 485 in

162 508 263 563 Oriente,
275 508 376 554 adversae
389 507 412 555 in
423 507 547 554 Occidente
557 523 599 554 res·
630 504 755 553 Turbatum
766 503 827 565 Illy·

160 574 246 620 ricum:
262 573 344 620 Galliae
352 579 469 620 nutantes:
482 572 607 634 perdomita
613 570 737 626 Bsitannia,
745 576 769 618 ct
776 577 824 616 sta·
916 596 917 629 3

159 637 201 684 tim
212 638 294 684 missa:
313 644 397 684 conrtae
407 637 430 683 in
441 651 485 684 nos
497 636 648 684 Sarmatamm
660 651 686 683 ac
698 635 825 683 Sacrorum

159 710 254 766 gentes:
274 703 402 749 nobilitatus
419 702 518 748 cladibus
535 701 620 748 mutuis
636 699 723 747 Dacus.
755 697 827 747 Mota

159 767 228 815 etiam
238 782 308 830 prope
319 766 453 813 Parthorum
465 781 535 823 arma,
546 765 597 812 falsi
608 764 707 812 Neronis
720 763 825 811 ludibrio.

159 831 212 881 Jam
223 847 278 878 vern
294 830 358 878 Italia
369 831 434 878 novis
444 831 549 886 cladibus,
559 831 598 877 vel
613 838 665 892 post
674 830 765 892 longam
777 843 823 876 η-

159 897 261 944 culorum
273 897 352 943 seriem
362 896 468 957 repetitis,
476 895 565 942 afflicta.
596 893 695 941 Haustae
705 900 744 940 aut
754 893 823 940 obru-

158 969 191 1009 tae
201 962 274 1016 urbes,
284 959 442 1007 fecundissime
450 958 581 1021 Campaniae
591 974 637 1007 ora.
671 958 731 1005 Urbs
742 959 822 1004 incen-

159 1027 202 1074 diis
219 1033 313 1080 vastata,
333 1025 456 1072 consumtis
475 1024 634 1084 antiquissimis
652 1023 756 1078 delubris,
772 1023 823 1084 ipso

160 1089 273 1153 Capitolio
284 1091 366 1136 civium
378 1090 480 1135 manibus
489 1090 595 1135 incenso:
613 1087 706 1149 pollutae
717 1088 822 1134 ceriam-

158 1157 215 1203 niae:
234 1153 445 1216 magnaadulterias
462 1153 553 1216 plenum
561 1153 725 1199 exsiliismarcs
744 1151 824 1199 iniecti

160 1219 364 1280 caedibusscopuli.
397 1217 505 1282 Atrpcius
514 1218 539 1264 in
551 1217 615 1264 Urbe
625 1220 735 1264 steritum.
769 1216 823 1264 No·

159 1286 240 1340 bilitas,
252 1297 312 1346 opes,
325 1283 402 1330 omissi
411 1284 515 1345 gestique
524 1283 622 1329 bonores
634 1296 675 1343 pro
686 1282 785 1337 crimine,
797 1289 824 1330 et

160 1352 190 1400 ob
200 1350 295 1397 virtutes
310 1349 457 1395 certissimum
472 1348 574 1393 exitium.
606 1346 658 1393 Nec
673 1348 748 1393 minus
761 1360 822 1409 pm-

129 1445 130 1449 =
158 1416 206 1465 mis
219 1414 342 1462 delatorum
353 1413 431 1469 invisa,
443 1427 510 1475 quam
522 1412 619 1470 sociem
636 1424 688 1458 cuna
698 1411 736 1459 alii
746 1423 822 1459 onocr-

152 1482 221 1531 'dntia
237 1488 260 1527 et
275 1478 411 1534 consulatus,
426 1486 452 1525 ut
468 1478 543 1541 spolia,
559 1479 641 1540 adepti,
653 1477 822 1539 procurationes

158 1548 196 1596 alii
204 1552 228 1593 et
237 1546 365 1591 interiorem
373 1545 503 1606 potentiam,
509 1550 609 1605 agerem,
615 1548 730 1589 amarent
739 1549 824 1589 concta

160 1613 212 1661 odio
227 1618 251 1657 et
264 1616 356 1656 terrore.
390 1606 497 1669 corrupti
510 1608 534 1653 in
546 1608 650 1655 domimo
664 1608 729 1660 servi,
741 1606 765 1652 in
779 1620 820 1669 pa-

159 1687 238 1725 tronos
247 1675 335 1731 liberti3
352 1680 381 1726 et,
392 1674 473 1733 quibus
482 1672 558 1718 decrat
567 1672 676 1725 inimicus,
684 1686 724 1733 per
735 1672 821 1719 nnticns

159 1740 266 1806 oppressi.
299 1738 354 1785 Non
369 1746 444 1783 tamen
461 1738 517 1783 adeo
531 1738 640 1782 virtatum
656 1736 731 1782 sterile
745 1750 820 1782 saecn-
858 1783 863 1796 ,

157 1810 213 1861 lum,
222 1814 247 1852 ut
258 1818 303 1851 nnn
314 1809 337 1850 et
347 1804 406 1849 bona
413 1802 515 1863 exempla
524 1801 652 1862 prodiderit.

191 1868 240 1917 Ill.
258 1868 378 1917 Comitatus
396 1866 505 1929 profugos
522 1866 602 1911 liberos
619 1872 715 1911 matres:
735 1873 820 1913 ucntae

159 1936 280 1986 maritcsin
288 1932 493 1993 exsilincnnjuges:
507 1930 624 1993 propinqui
631 1930 749 1977 audentes:
762 1944 821 1976 con·

158 2008 244 2051 stantes
254 1998 345 2060 generir
365 2006 492 2050 contumax,
504 1996 571 2061 etiarn
584 1995 690 2041 maerens
699 2001 819 2050 tormenta,

157 2080 272 2117 servorum
283 2063 352 2109 tides:
372 2076 482 2121 supremae
492 2061 602 2107 clarorum
612 2060 712 2105 viromm
720 2060 821 2106 necessi·

158 2140 230 2186 tatem
248 2130 296 2189 ipsa
314 2126 434 2172 necessitas
452 2123 542 2170 fortiter
558 2125 666 2181 tolerata3
682 2131 706 2169 et
722 2123 820 2171 laudatis

156 2197 298 2255 antiquorum
309 2190 581 2251 mortibuspnresesitua.
612 2186 701 2235 Praetor
709 2188 818 2264 multipll-
914 2196 915 2215 t

157 2276 195 2310 ces
206 2272 280 2305 rerum
291 2258 436 2303 humanarum
447 2268 519 2307 casus,
528 2253 587 2300 coelo
597 2250 699 2313 ternique
709 2252 820 2314 prodigia,

154 2335 178 2375 et
193 2323 312 2370 fulminum
328 2319 435 2372 monitus,
449 2325 475 2363 ct
488 2317 615 2364 innatorum
628 2316 745 2378 praesagia,
756 2316 818 2372 lanta,

154 2388 233 2440 tristia,
245 2385 354 2443 ambigua,
365 2381 490 2427 manifesta.
523 2380 574 2427 Nec
581 2380 641 2427 enirn
650 2394 748 2440 unquam
757 2389 818 2427 strn-

155 2452 251 2499 cioribus
258 2446 333 2508 populi
344 2446 413 2491 Rom
424 2446 528 2499 cladibus,
539 2444 641 2505 magisve
650 2446 720 2506 justis
728 2445 819 2492 indiciis

155 2513 298 2574 approbatum
309 2518 349 2562 est,
359 2524 404 2554 non
415 2522 466 2555 esse
475 2522 536 2554 curse
552 2508 599 2554 deis
609 2508 751 2555 munitatem
762 2524 818 2557 nna·

151 2584 215 2627 tram,
226 2588 276 2619 esse
287 2572 401 2617 ultionem.
698 2587 702 2592 ·

181 2636 226 2686 IV.
243 2633 364 2692 Caeterum,
373 2642 492 2696 numquam
502 2634 615 2682 dutinata
621 2650 765 2700 componam,
777 2651 814 2683 rc-
