1834 2900
156 130 203 173 112
220 121 469 173 HISTORIARUM
475 121 583 171 12:2111.
592 122 650 173 Cer.
660 127 696 171 16.
704 126 733 165 U·
741 126 767 165 c.
774 128 821 165 utu.

158 263 181 301 et
201 252 305 301 Cossium
325 252 439 315 Longum,
456 252 587 315 praeleotum
607 259 737 307 oostromm,
754 253 822 299 duces

160 318 275 378 deligunt:
295 317 354 365 forte
370 317 456 364 oblator
474 318 541 364 trium
552 316 721 364 Inimrnioorum
733 318 823 371 militen,

159 383 250 443 ignaros
268 389 291 428 et
310 383 418 436 insonter,
434 383 560 430 trucident:
580 383 663 429 relictio
681 383 767 436 metris,
784 383 822 428 ub·

159 453 225 507 rupto
236 455 311 509 ponte,
329 446 451 493 Hostiliam
465 462 548 501 rureuo,
559 448 612 493 inde
625 445 762 494 Cremonam
773 462 824 507 per-
905 463 906 480 i

159 520 224 573 gunt.
241 520 266 558 ut
276 512 408 573 legionibus,
426 512 506 573 primm
516 510 603 558 ltalicae
613 519 637 557 et
647 513 824 559 unietviceoimae

159 576 252 639 Rnpuoi,
267 578 424 639 jungerentur,
442 592 497 636 qum
516 574 616 630 Caecino,
635 576 663 623 ud
681 577 823 623 obtinendum

162 639 306 696 Cremonam,
317 656 369 687 oum
381 646 444 703 porte
454 641 553 702 equitnm
563 641 708 702 praeminent

194 705 251 753 XV.
263 706 310 753 Ubi
316 707 365 753 hrec
374 712 488 767 comperto
495 705 603 761 Antonio,
615 706 729 753 discordes
736 706 823 760 onimis,

162 771 270 819 diseretor
286 772 369 818 viribus
386 771 485 817 hortium
504 771 616 817 exercituo
631 771 724 832 aggredi
743 772 826 824 rtomit,

162 844 280 897 antequem
300 836 390 882 ducibus
409 835 537 889 auotoritas,
556 835 622 881 militi
642 836 781 896 oboequium‚
803 842 827 881 et

157 901 243 963 junctis
260 900 385 961 legionibus
402 898 483 946 fiducie
499 901 593 946 rediret:
613 914 710 960 nomque
729 898 825 946 Fabium

162 965 288 1017 Valentem,
315 964 440 1025 proiectum
462 966 490 1011 ub
512 964 581 1018 Urbe,
607 964 827 1024 nccelemturumque

163 1026 255 1090 coguut
274 1027 374 1076 Caecinae
394 1030 527 1090 proditione,
549 1030 700 1091 conjectabat:
724 1036 748 1076 et
770 1028 828 1075 odo·

164 1093 258 1142 Vitellio
269 1092 357 1147 Fabius,
374 1108 416 1141 neo
431 1094 517 1140 militie:
527 1094 627 1155 ignarus.
662 1094 735 1141 Simul
744 1094 828 1154 ingens

165 1158 330 1205 Germanorum
348 1158 383 1204 uis
400 1174 438 1220 per
457 1158 570 1205 Rhoetiam
587 1160 719 1205 timebatur:
738 1166 762 1205 et
773 1157 826 1204 Bri·

163 1220 246 1275 tnnniir,
265 1221 385 1282 Gellitique
401 1230 424 1269 et
442 1222 559 1285 Hispooii,
574 1223 657 1270 auxilio
666 1222 774 1270 Vitellius
789 1237 829 1269 oo·

163 1288 253 1339 cirerut,
264 1288 395 1334 immensum
406 1287 459 1333 belli
470 1288 537 1341 luem,
552 1289 576 1333 ni
588 1289 708 1343 Antonius,
719 1287 742 1333 id
752 1289 828 1349 iprum

164 1359 273 1405 metuens,
281 1350 386 1398 festinato
393 1352 474 1413 proelio
481 1352 596 1398 victorium
604 1354 753 1415 precepisset.
767 1352 828 1398 Uni-

163 1432 229 1464 veruo
241 1431 292 1464 cum
303 1417 409 1471 exercitu,
427 1416 531 1464 secundis
549 1416 828 1473 oVemniemmieffl

165 1483 264 1528 driuoum
275 1482 349 1528 venit:
360 1488 451 1542 postero
459 1483 501 1535 die,
512 1482 637 1542 legionibus
643 1482 672 1528 od
681 1483 829 1528 muniendum

166 1547 265 1601 retentio,
276 1545 393 1592 auxiliare:
408 1545 511 1593 cohorter
524 1546 547 1591 in
559 1544 737 1594 Cremonensem
747 1562 829 1609 ugrum

165 1611 248 1665 mirem
260 1618 291 1665 ut,
303 1611 376 1672 speeie
388 1611 537 1672 parandarum
546 1611 667 1672 copiarum,
680 1611 741 1658 civili
751 1610 831 1672 predi

164 1676 229 1724 mileo
240 1676 381 1722 imbueretur.
415 1673 474 1735 Ipse.
486 1689 538 1720 eum
552 1682 647 1734 quatuor
657 1675 755 1723 millibus
764 1677 830 1735 equi·

164 1747 220 1794 tum,
231 1741 371 1787 edoctorum
382 1737 517 1785 oBedriaoo
524 1754 661 1801 progressus,
673 1755 718 1801 quo
725 1741 831 1786 licentius

166 1805 338 1867 popularentur:
363 1803 516 1864 exploratores
526 1805 564 1867 (ut
574 1820 624 1852 moe
631 1803 678 1865 est)
689 1805 781 1868 longino
790 1821 834 1852 eu·

163 1870 248 1916 roboot.

197 1930 269 1980 xvl.
289 1931 376 1987 Quinte
393 1931 465 1980 ferme
483 1934 537 1981 hom
558 1934 602 1980 diei
619 1941 675 1991 eret,
698 1949 748 1981 mm
771 1934 832 1982 citur

165 2013 239 2060 eques,
259 1998 379 2046 adventure
399 1999 483 2052 hoster,
504 2000 615 2061 praegredi
632 2015 723 2061 poucoo,
742 2007 832 2046 motum

164 2063 324 2125 fremitumque
337 2063 382 2110 late
392 2064 470 2117 audiri,
482 2064 599 2109 nuntiarit.
631 2063 695 2110 Dum
706 2065 833 2119 Antonino,

165 2120 271 2191 quidnam
279 2129 397 2190 agendum,
410 2127 528 2182 consultet
539 2129 645 2176 ariditate
655 2129 765 2175 novandae
776 2145 833 2191 ope·

166 2209 199 2242 me
207 2194 287 2241 Arrius
296 2191 371 2240 Verus
382 2207 433 2240 cum
444 2194 602 2254 promtissimis
611 2194 710 2254 equitum
722 2194 832 2255 prorupit,

165 2259 296 2319 impulitque
307 2256 449 2314 Vitellianos,
464 2256 552 2304 modici
561 2258 637 2305 erede:
655 2273 715 2313 oum,
732 2257 834 2320 plurium

166 2337 260 2370 occursu
270 2336 336 2368 veron
350 2321 447 2375 fortune,
458 2328 482 2368 et
497 2323 618 2370 acerrimus
627 2324 721 2384 quioque
732 2337 834 2384 requen-

166 2386 222 2432 tium
233 2386 295 2448 fugae
306 2385 398 2432 ultimus
409 2393 469 2433 erut:
489 2401 531 2433 neo
547 2395 627 2449 sponte
644 2388 738 2435 Antonii
749 2403 834 2450 prope·

166 2457 246 2504 rutum,
264 2457 287 2496 et
302 2448 358 2504 fore,
375 2465 426 2510 qun:
437 2451 570 2507 ecciderunt,
589 2453 684 2500 rebatur.
717 2451 836 2500 Hortatur

166 2528 226 2568 uuor,
238 2522 263 2561 ut
274 2529 357 2576 magno
367 2515 442 2562 animo
453 2524 595 2577 copeooerent
610 2531 717 2579 pugnum,
733 2518 835 2566 diducti·

104 2586 111 2598 '
165 2577 189 2624 in
206 2578 276 2626 latera
292 2579 378 2634 tunnis,
395 2594 492 2626 nocuum
510 2581 584 2627 medio
599 2583 703 2643 relinquit
718 2582 769 2639 iter,
785 2599 836 2644 quo

165 2640 251 2692 Verum
269 2644 399 2707 equitesque
416 2644 464 2706 ejus
481 2645 603 2708 reciperet:
619 2648 691 2710 jurrae
705 2648 787 2696 ormrri
799 2648 836 2696 ie·
