1834 2900
109 86 204 135 mlo.
224 86 472 141 HISTORIABUM
483 91 593 143 111111.
601 92 712 145 Car-50:
733 98 779 144 129

113 225 244 275 namqueet
254 218 363 276 Africam,
381 223 459 270 eodem
471 225 541 272 latere
551 226 624 279 sitam
641 222 700 272 terri
709 224 778 271 mari·

112 294 156 339 que
170 282 276 329 invadere
292 288 388 347 parabat,
406 288 487 335 clausis
500 305 597 337 annonae
616 291 724 345 subsidiis,
741 292 777 337 in·

112 346 187 406 opiam
200 360 226 391 ac
237 348 368 397 discordiam
380 353 439 399 hosti
449 352 556 401 tacturus

146 408 244 457 XLIX.
259 412 322 460 Dum
335 416 376 462 hac
387 418 456 464 totius
474 420 533 466 orbis
549 421 672 466 mutatione
687 420 778 467 fortuna

112 472 201 533 imperii
212 478 294 534 transit,
312 479 402 527 Primus
413 480 529 530 Antonius
537 482 677 544 nequiquam
685 486 732 545 pari
740 486 776 531 iu·

111 538 217 587 maenus
231 550 282 603 post
299 542 435 593 Cremonam
453 550 548 609 agebet;
565 548 703 595 satisfactum
717 550 776 595 bello

111 610 179 657 ratus,
196 612 219 651 et
230 613 312 655 caetera
322 624 351 655 ex
359 610 427 668 facili,
438 612 490 675 (seu
498 612 592 660 felicitas
600 614 623 659 in
634 615 673 660 tali
685 615 777 674 ingenio

110 668 233 725 avaritiam,
250 674 382 734 superbiam,
400 682 526 737 caeteraque
537 678 696 731 occultamala
712 684 775 738 pate·

108 730 174 792 fecit)
197 742 223 781 ut
245 745 339 798 captam,
357 737 445 786 Italiam
465 743 602 803 persultare3
624 748 650 787 ut
668 758 726 795 suas,
743 742 775 787 le·

108 796 190 858 giones
200 800 290 857 colere;
308 804 410 851 omnibus
424 806 489 853 dictis
499 804 609 867 factisque
621 807 681 853 nam
693 806 733 853 sibi
749 806 777 851 ad
841 808 846 823 “
906 856 910 863 ,

108 863 234 923 potentiam
246 873 346 913 struere:
365 876 434 931 utque
450 869 542 917 licentii
556 872 650 917 militem
661 872 776 925 imbueret,

108 926 280 975 interfectorum
292 934 446 981 centurionum
458 936 548 983 ordines
558 936 683 998 legionibus
696 934 776 982 offere·

99 990 162 1059 ¹but:
183 1008 211 1039 eo
222 994 328 1057 suffragio
339 999 502 1047 turbidissimus
517 1002 610 1061 quisque
621 1001 714 1047 delecti:
734 1016 777 1047 nec

110 1056 178 1103 miles
189 1058 212 1103 in
224 1060 312 1108 arbitrio
328 1062 415 1119 ducum,
434 1066 473 1111 sed
489 1065 557 1113 duces
570 1067 660 1113 militari
671 1064 778 1113 violentii

110 1120 270 1171 tralaebnutur:
289 1140 340 1187 quae
357 1128 469 1183 seditiosa,
485 1137 509 1177 et
525 1131 693 1193 corrumpendae
710 1131 776 1177 disci-

110 1184 190 1246 plinae,
206 1202 259 1236 mox
275 1191 414 1254 infpraedanr
424 1196 531 1250 vertebat,
548 1196 603 1241 nihil
618 1197 776 1243 aduentantem

110 1249 246 1300 Mucianum
258 1256 358 1315 veritus;
376 1259 435 1319 quod
443 1261 559 1307 exitiosius
565 1267 620 1314 erat,
636 1274 703 1320 quam
714 1258 775 1307 Ves-

108 1316 227 1377 pasianum
238 1322 355 1381 sprevisse.

144 1379 175 1427 L.
186 1380 301 1431 Caeterum
312 1387 435 1450 propinqui
443 1390 523 1445 hieme,
532 1397 556 1437 et
562 1390 705 1438 humentibus
714 1387 776 1437 Pado

109 1449 204 1508 campis,
215 1451 342 1511 expeditum
354 1469 435 1515 agmen
446 1453 556 1501 incedere.
572 1455 643 1516 signa
653 1455 778 1516 aquilaeque

110 1511 241 1558 victricium
259 1513 378 1576 legionum,
403 1519 487 1566 milites
505 1519 633 1567 vulneribus
651 1529 690 1566 aut
709 1528 776 1574 aetate

109 1589 203 1636 graves,
219 1577 317 1640 plerique
326 1583 392 1629 etiam
402 1584 493 1644 integri,
504 1583 604 1631 Veronae
616 1585 699 1631 relicti:
714 1585 776 1630 suffi-

110 1654 166 1692 cere
176 1641 280 1690 colones
290 1645 381 1706 sieque,
398 1656 421 1694 et
432 1665 444 1693 e
453 1649 578 1710 legionibus
587 1649 647 1702 lecti,
658 1648 777 1710 profligato

104 1705 158 1764 jam
169 1705 236 1763 bello,
253 1708 389 1757 videbantur.
422 1711 551 1759 Undecima
566 1713 626 1774 legio
637 1729 687 1759 sese
697 1713 776 1774 adjun-

110 1776 183 1823 xerat,
199 1771 262 1818 initio
281 1782 397 1833 cunctata;
421 1778 467 1830 sed,
484 1779 596 1840 prosperis
613 1778 686 1834 rebus,
703 1779 776 1833 anxia,

107 1834 174 1892 quod
185 1835 296 1885 defuisset.
330 1839 376 1886 Sex
386 1842 455 1888 millia
466 1842 631 1898 Dalmatarum,
649 1859 726 1891 recens
737 1844 777 1890 de·

109 1897 192 1954 lectus,
209 1902 376 1952 comitabantur.
409 1905 515 1954 Ducebat
532 1907 646 1971 Poppaeus
665 1909 777 1962 Silvanus,

107 1964 249 2012 consularia:
268 1969 303 2014 vis
320 1970 463 2017 consiliorum
480 1987 548 2033 penes
559 1974 661 2019 Annium
672 1972 777 2026 Bassum,

104 2027 209 2089 legionis
225 2030 338 2092 legatum:
358 2035 377 2080 is
398 2035 521 2091 Silvanum,
538 2037 655 2084 socordem
673 2037 737 2089 bello,
754 2043 778 2083 et

107 2092 161 2140 dies
172 2109 245 2140 rerum
257 2097 330 2144 verbis
342 2105 457 2155 terentem,
474 2101 548 2163 specie
563 2101 662 2161 obsequii
680 2101 777 2162 regebat,

107 2157 140 2204 ad
152 2159 278 2220 omniaque,
294 2177 345 2222 quae
357 2166 443 2226 agenda
452 2165 534 2220 forent,
551 2163 687 2226 quietdcum
698 2165 775 2214 iudus-

107 2219 155 2268 suit
163 2223 245 2271 aderat
280 2226 317 2272 Ad
328 2227 368 2274 has
379 2230 460 2290 copias,
472 2246 485 2277 e
495 2231 593 2277 classicis
601 2230 777 2287 Rauennatibus,

105 2286 257 2348 legionariam
276 2291 378 2338 militiam
396 2296 545 2354 poscentibus,
568 2296 665 2358 optimus
684 2297 778 2357 quisque

105 2351 203 2399 adsciti:
231 2354 323 2401 classem
344 2356 457 2406 Dalmatae
477 2359 614 2422 suppleuere.
655 2361 778 2408 Exercitus

103 2417 224 2478 ¹tisrcesque
238 2419 265 2466 ad
277 2418 364 2468 Fanum
374 2421 483 2471 Fortunae
494 2426 536 2472 iter
547 2427 635 2479 sistunt,
652 2426 679 2471 de
691 2423 779 2471 summit

102 2496 186 2529 nerum
202 2490 341 2544 cunctantes,
358 2489 424 2547 quod,
442 2498 515 2536 motas
532 2505 561 2536 ex
579 2489 643 2535 Urbe
661 2488 779 2549 praetorias

103 2546 223 2606 cohortes,
239 2548 362 2608 audierant,
380 2560 403 2598 et
419 2554 490 2600 teneri
505 2553 614 2614 presidiis
632 2551 779 2613 Apenninum
