1834 2900
103 137 204 188 J.c.69·
237 133 677 186 Hls'ronmnuromtcno.
755 140 773 186 't

106 267 164 315 tidio
180 275 229 315 ertu
245 268 338 314 assuetis
350 267 453 328 juveutce
468 264 574 320 Neronis,
590 272 613 312 et
628 266 773 328 imperotores

107 331 184 379 formis
198 347 224 379 ac
235 333 315 379 decore
329 333 434 394 corporis,
446 341 473 377 ut
487 339 521 377 est
533 346 583 378 mos
597 331 667 392 vulgi,
677 347 770 394 compa·

107 397 217 444 rantibus.
411 405 413 410 ’

142 459 216 508 VIII.
231 461 264 509 Et
277 461 313 508 blo
329 462 419 524 quidem
435 461 525 517 Romae,
539 469 651 524 tamquam
668 463 691 507 in
707 458 771 507 tenti

107 525 258 581 multitudine,
274 527 362 574 babitus
381 528 507 574 animorum
525 525 575 572 Iuit
607 525 770 586 Eprovinciis,

108 589 229 653 Hispaniae
237 598 332 653 prteerat
344 589 439 640 Cluvius
446 591 530 645 Rufus,
540 591 576 636 vIr
583 589 689 636 Iucundum
700 597 723 636 et
732 604 772 650 ps·

108 655 142 702 elo
155 657 246 710 ortibus,
256 655 320 702 bellis
333 656 470 718 inexpertus.
503 654 594 706 Gallice,
609 667 674 714 super
684 669 771 699 memo-

107 720 164 766 riam
176 719 287 775 Vindicis,
299 720 403 783 obligatae
419 720 503 766 recenti
519 719 579 765 dono
590 717 702 764 Romane
716 717 772 764 clvi-

107 785 167 840 tatis,
183 793 208 831 et
226 786 250 830 in
268 791 382 846 posterum
397 785 474 830 tributi
489 784 624 830 levamento.
658 779 773 828 Proximae

107 857 184 896 tamen
204 849 346 896 Germanids
367 849 501 896 exercitibus
519 847 644 894 Galliarum
663 847 773 900 civitates,

107 929 156 962 non
174 913 254 960 eodem
272 914 358 960 bonore
375 914 464 966 habitae,
482 912 584 972 quaedsm
605 911 672 958 etism
691 909 773 956 tinibus

30 979 33 986 '
107 979 211 1032 ademtIs,
222 977 270 1040 peri
281 977 357 1024 dolore
367 977 486 1023 commode
496 977 568 1022 alieno
578 990 604 1021 sc
618 991 670 1022 sues
679 974 773 1037 injurias

107 1043 265 1094 metlebantur.
299 1042 428 1090 GermanIci
436 1042 554 1095 exercitus,
561 1041 620 1100 quod
630 1040 773 1101 periculosis·

109 1107 191 1153 dmum
203 1107 226 1152 in
238 1106 307 1152 tantis
317 1107 406 1160 virIbus,
419 1106 508 1152 solliciti
522 1112 546 1151 et
555 1105 612 1158 irati,
624 1103 725 1166 superbit
735 1119 772 1150 re·

110 1172 183 1218 centn
193 1171 302 1225 victoriae,
314 1177 337 1217 et
347 1177 415 1224 metu,
426 1177 540 1229 tamquam
551 1169 605 1215 alias
614 1176 689 1231 partes
701 1168 772 1215 torta.

110 1245 167 1282 sent.
200 1234 276 1282 Tarde
287 1250 301 1282 e
311 1234 404 1282 Nerone
415 1234 569 1290 desciverant3
586 1249 627 1279 nec
641 1233 715 1279 statim
731 1247 774 1294 pro

112 1299 186 1348 Grlbt
193 1299 331 1361 Verginius:
346 1299 489 1360 animperare
495 1298 610 1350 voluisset,
617 1297 721 1353 dubium
733 1298 773 1343 de·

110 1365 181 1412 latum
193 1365 214 1411 ei
225 1379 239 1410 a
249 1363 320 1410 milite
329 1364 454 1426 imperium,
469 1363 622 1409 conveniebat
653 1359 773 1408 FonteIum

111 1428 247 1492 Capitonem
261 1430 366 1483 ocultum.
384 1429 451 1475 etiarn
468 1428 506 1489 qui
522 1428 584 1488 queri
600 1441 646 1474 non
663 1433 773 1489 poterant,

111 1502 188 1542 tamen
201 1495 380 1555 indignabantur.
414 1492 472 1539 Dux
486 1494 568 1545 deerat,
584 1493 678 1539 abducto
689 1491 774 1555 Vergi-

111 1560 157 1615 nio,
173 1573 214 1621 per
228 1558 391 1606 stmulstionem
406 1558 525 1614 amicitiem
541 1572 607 1618 quem
622 1572 668 1603 non
684 1556 774 1611 remitti,

111 1632 178 1685 atque
189 1624 256 1671 etlam
272 1638 333 1670 reum
348 1638 404 1679 esse,
415 1631 529 1684 tamquam
544 1637 608 1669 suum
619 1623 702 1668 crimen
714 1623 773 1667 acci·

108 1690 208 1751 plebant.

152 1752 200 1799 lx.
225 1754 332 1815 Superior
352 1754 464 1801 exercitus
484 1753 593 1814 legatum,
615 1749 773 1797 Hordeonium

112 1817 228 1873 Flaccum,
240 1819 363 1880 spernebat,
378 1817 469 1865 senectia
482 1832 509 1863 ac
523 1817 635 1863 debilitate
644 1816 726 1876 pedrtm
737 1816 772 1861 in·

112 1883 219 1938 validum,
232 1884 280 1929 sine
290 1881 423 1937 constitutit,
435 1883 483 1927 elne
493 1882 637 1927 auctoritate:
657 1894 687 1925 ne
696 1880 773 1940 quieto

112 1948 202 2011 quidem
211 1947 287 2001 milite,
296 1949 412 2009 regImen3
429 1948 485 1992 odeo
492 1946 593 1992 furentes
600 1943 728 1991 infirmitate
738 1960 775 1990 re·

112 2013 205 2060 tinentis
223 2012 283 2058 ultro
298 2012 481 2058 accendebantur.
514 2008 630 2056 Inferioris
645 2009 775 2055 Germauiae

111 2077 214 2138 legiones
229 2076 312 2122 diutius
326 2077 374 2122 sine
391 2075 500 2121 consulari
515 2071 593 2129 farem
610 2072 688 2127 donec,
704 2072 774 2121 missu

114 2142 201 2194 Gubae,
219 2140 250 2186 A.
260 2139 367 2186 Vitellius
383 2140 465 2192 edem
487 2136 683 2186 censorisvitettii
699 2152 725 2185 ac
742 2144 776 2183 ter
861 2159 864 2164 ¹

111 2206 210 2253 consulis
220 2205 292 2251 tillus:
312 2205 335 2250 id
343 2205 397 2251 satis
407 2204 530 2251 videbatur.
554 2202 582 2249 In
591 2202 723 2249 Britannico
733 2215 774 2249 ex·

111 2271 183 2318 escitu
202 2269 258 2316 nihil
276 2270 366 2316 irarum.
399 2268 454 2315 Non
472 2283 526 2315 sane
543 2268 593 2314 alise
612 2267 719 2328 legiones,
736 2282 776 2327 per

111 2348 191 2383 omnes
199 2334 298 2381 cinnum
305 2334 413 2381 bellorum
422 2340 504 2387 motus,
513 2332 654 2379 innocentius
664 2338 774 2392 egerunt:

111 2415 159 2454 seu,
170 2400 224 2461 quia
234 2399 313 2461 procul
323 2406 346 2445 et
354 2398 446 2445 Oceano
457 2399 549 2452 (liviam
567 2412 606 2443 seu
617 2397 699 2443 crebrIs
706 2410 776 2455 expe·

112 2464 234 2513 ditionibus
245 2463 318 2511 doctae
328 2465 415 2510 hostem
427 2463 502 2523 potius
513 2462 593 2507 odisse.
626 2456 777 2513 mitescen-
844 2496 848 2503 .

111 2529 196 2590 tyricm
216 2542 350 2589 quamquam
366 2528 448 2573 excitae
464 2542 478 2572 a
492 2524 585 2571 Nerone
600 2523 708 2583 legiones,
723 2521 777 2564 dum

112 2595 136 2640 in
145 2591 214 2641 lunt
221 2598 361 2643 cunctantur.
369 2590 507 2651 Verginium
514 2587 663 2647 legationibus
673 2580 780 2652 edissent.

113 2658 158 2705 Sed
167 2658 244 2721 longn's
258 2656 336 2719 spatiis
350 2656 440 2703 dlacreti
457 2652 577 2703 exerc-itus,
588 2648 648 2707 quod
663 2645 780 2692 saluberri-
