1834 2900
94 118 115 159 J.
124 118 149 157 G.
159 120 190 165 lo.
211 115 460 165 HISTORIARUM.
470 116 524 166 Ln.
532 114 581 165 ΙΙΙ.
592 116 697 167 Cuneo.
715 117 762 167 183

93 246 248 301 diemalibus,
265 248 343 308 patuit,
361 248 470 309 quesitam
486 247 621 295 dnmiminls
633 248 761 295 admodum

94 310 159 365 foret,
173 312 195 357 ni
204 311 322 358 Vitellium
334 320 393 371 retro
405 312 507 360 Fortuna
516 316 634 369 vertisset3
643 330 694 374 qua:
706 313 760 360 Fla·

95 376 169 421 sienis
186 376 280 423 ducibtrs
297 392 344 424 non
359 380 435 423 minus
451 392 519 439 stepo,
530 392 597 437 qnam
607 380 671 432 ratio,
682 378 760 426 adluit.

94 439 195 488 Obvium
205 442 251 487 illic
260 441 365 489 Petilium
374 441 485 491 Cerialem
494 440 596 496 habuere,
607 446 690 503 agresti
698 442 760 489 cultu
783 485 788 495 ,

94 512 120 551 et
136 503 215 553 usust
232 507 330 553 locorum
341 508 454 555 custodias
465 506 552 553 Vitellii
562 506 670 568 elupstnn.
701 507 760 553 Pso-

96 571 180 631 pinqua
190 572 285 619 affinitas
292 570 377 620 Ceriali
388 586 440 619 cum
451 571 599 633 Vespasiano,
610 586 652 617 nec
662 573 710 632 ipse
725 572 761 617 irs·

95 636 182 695 glorius
200 637 300 683 militiae:
323 652 395 697 eoque
419 638 478 683 inter
501 638 569 683 duces
587 643 700 682 assumtus
719 644 762 683 est.

95 698 174 747 Fluvio
189 716 279 763 quoque
294 700 378 749 Sabino
395 718 422 749 ac
439 702 572 748 Domitiano
589 701 687 762 patuisse
703 700 760 746 effis-

95 764 164 826 gium‚
183 767 249 813 multi
265 764 385 813 tradidere.
417 766 450 813 Et
460 768 523 813 missi
533 768 561 813 ab
572 766 675 813 Antonio
685 765 758 811 nuntii

93 844 133 891 per
150 832 224 876 varias
238 830 332 877 intendi
343 838 401 877 artes
411 832 563 892 penetsabuut,
578 832 653 877 locum
663 844 690 876 ac
700 844 760 891 prae·

67 918 72 925 ,
94 895 175 941 sidium
197 902 357 942 monstrantes.
390 896 485 943 Sebinm
506 896 624 942 inhabilem
645 896 715 941 labori
738 901 761 941 et

94 960 193 1005 audaciae
207 960 357 1007 valetudinem
375 961 518 1007 causabatur:
539 960 672 1007 Domitiano
682 960 759 1007 aderat

92 1024 197 1082 animun
209 1026 249 1071 sed
260 1026 363 1071 custodes
374 1040 387 1071 a
398 1025 491 1073 Vitellio
502 1026 576 1078 additi,
587 1040 721 1085 quamquam
732 1040 758 1071 se

94 1088 238 1150 sociosfuga:
245 1091 407 1151 promitterent,
419 1100 532 1151 tamquam
540 1091 678 1146 insidiantes,
688 1090 756 1136 tlme·

92 1154 182 1199 bantur.
214 1155 290 1214 Atque
306 1155 354 1216 ipse
364 1154 477 1209 Vitellius,
494 1162 596 1216 respectu
614 1168 757 1201 suarum-ne·

92 1218 261 1273 cessitudinum,
273 1220 328 1267 nihil
339 1220 362 1265 in
375 1218 532 1267 Domitianum
543 1227 608 1265 atrox
617 1221 715 1280 parabat.

125 1282 180 1329 Lx.
200 1284 278 1331 Duces
294 1284 390 1345 portium
404 1293 433 1330 ut
445 1283 552 1332 Carsulas
568 1282 657 1338 venere,
674 1293 759 1344 puucos

91 1348 120 1394 ad
132 1350 230 1407 requiem
241 1350 290 1395 dies
301 1356 399 1401 sumtmt,
417 1350 489 1395 donec
504 1348 584 1408 aquilae
598 1349 707 1409 signaque
723 1348 756 1393 le·

89 1414 185 1474 gionum
197 1421 380 1474 assequerentur:
395 1414 489 1461 etlocus
495 1415 543 1476 ipse
550 1421 674 1460 castrorum
682 1412 757 1474 plece-

89 1479 136 1532 bat,
155 1478 200 1523 late
215 1487 373 1538 prospectans:
395 1487 444 1525 tuto
460 1481 573 1540 copiarum
585 1485 693 1538 aggestu:
713 1475 756 1524 llo-

90 1541 226 1589 rentissimis
237 1555 295 1603 pone
306 1550 395 1604 tergum
406 1544 545 1605 municipiis:
564 1543 630 1588 simul
644 1538 757 1602 colloquia

90 1619 146 1654 cum
158 1605 291 1661 Vitellianis,
303 1608 378 1654 decem
391 1609 485 1654 millium
497 1608 568 1670 spatio
577 1607 716 1659 distantibus,
733 1614 756 1652 et

88 1671 189 1734 proditio
199 1672 335 1734 sperebatur.
351 1672 426 1734 AEgre
436 1673 459 1718 id
469 1673 515 1734 pati
526 1672 597 1725 miles,
608 1679 631 1716 et
638 1671 757 1717 victoriam

89 1736 167 1792 malle,
177 1749 245 1798 quam
255 1753 347 1798 pacem:
368 1753 397 1784 ne
408 1753 459 1784 suas
470 1738 558 1797 quidem
570 1736 671 1797 legiones
686 1749 755 1797 oppe-

87 1801 209 1856 riebantur,
221 1810 247 1848 ut
257 1802 347 1863 praedae,
359 1817 425 1862 quam
435 1803 584 1864 periculorum
596 1803 676 1850 coclea
704 1800 755 1848 Vo-

88 1867 201 1912 estosed
220 1867 352 1913 concionem
373 1867 488 1913 Antonius
505 1867 588 1921 docuit,
614 1882 664 1914 esse
682 1867 755 1916 mlius

89 1929 186 1977 Vitellio
204 1933 269 1986 vires,
290 1932 411 1992 ambiguas,
431 1933 449 1978 si
469 1933 629 1988 deliberarent3
647 1947 716 1986 acres,
735 1933 755 1977 si

88 1993 252 2056 despertmns
285 1994 354 2042 Initia
364 1997 471 2042 bellorum
485 1997 584 2043 civilinm
595 1995 693 2042 fortunas
702 2010 755 2056 per·

87 2061 213 2122 mittendq3
225 2061 342 2107 victoriam
354 2062 452 2108 consiliis
463 2068 486 2108 et
496 2063 583 2107 ratione
593 2060 675 2120 pertici.
701 2057 754 2106 Jam

87 2123 245 2172 Misenensem
272 2125 365 2172 classem
387 2132 410 2172 et
430 2126 601 2187 pulcherrimum
623 2120 755 2185 Campaniae

86 2201 152 2236 eram
163 2191 298 2238 descivisse:
320 2205 361 2237 nec
371 2191 421 2252 plus
431 2205 446 2236 e
457 2197 505 2237 toto
521 2198 629 2236 terrarum
641 2189 694 2236 orlte
705 2189 756 2235 reli·

86 2267 157 2314 quum
175 2253 280 2312 Vitellio,
298 2267 369 2315 quarn
382 2256 441 2316 quod
454 2256 513 2302 inter
530 2254 675 2302 Tarracinam
690 2252 753 2301 Nar·

85 2320 193 2380 uictuque
207 2320 289 2382 jaceat.
324 2320 383 2366 Satis
404 2319 484 2381 gloriae
502 2321 582 2380 proelio
605 2318 753 2368 Cremonensi

85 2391 182 2445 portum,
195 2393 219 2431 et
230 2385 300 2431 exitio
309 2381 431 2432 Cremona:
441 2385 536 2432 nimium
543 2385 647 2431 invidie:
662 2401 690 2430 ne
698 2399 755 2430 con·

84 2448 228 2510 cupiscerent
248 2448 347 2496 Romam
364 2463 444 2510 capere
460 2452 542 2509 potius,
561 2465 628 2509 mam
645 2463 751 2494 servare:

84 2515 172 2575 majora
189 2515 233 2560 illis
251 2515 352 2576 proemia,
372 2521 396 2559 et
412 2512 485 2558 multo
501 2514 624 2560 marimum
641 2513 717 2562 decus,
735 2511 754 2554 si

83 2577 266 2626 incolomitatem
277 2579 365 2626 senatui
375 2577 503 2640 populoque
511 2577 580 2624 non.
587 2577 636 2623 sine
643 2573 755 2634 sanguim

81 2639 229 2708 mneos.
