<?xml version="1.0" encoding="UTF-8"?>
<!DOCTYPE html PUBLIC "-//W3C//DTD XHTML 1.0 Transitional//EN"
    "http://www.w3.org/TR/xhtml1/DTD/xhtml1-transitional.dtd">
<html xmlns="http://www.w3.org/1999/xhtml" xml:lang="en" lang="en">
 <head>
  <title>
</title>
<meta http-equiv="Content-Type" content="text/html;charset=utf-8" />
  <meta name='ocr-system' content='tesseract 3.04.00' />
  <meta name='ocr-capabilities' content='ocr_page ocr_carea ocr_par ocr_line ocrx_word'/>
</head>
<body>
  <div class='ocr_page' id='page_1' title='image "./opera02obergoog_0134.png"; bbox 0 0 1834 2900; ppageno 0'>
   <div class='ocr_carea' id='block_1_1' title="bbox 136 107 808 188">
    <p class='ocr_par' dir='ltr' id='par_1_1' title="bbox 136 107 808 188">
     <span class='ocr_line' id='line_1_1' title="bbox 136 107 808 188; baseline -0.007 -2"><span class='ocrx_word' id='word_1_1' title='bbox 136 143 183 188; x_wconf 77' lang='lat' dir='ltr'>no</span> <span class='ocrx_word' id='word_1_2' title='bbox 200 132 445 183; x_wconf 81' lang='lat' dir='ltr'>nrsronmnmr</span> <span class='ocrx_word' id='word_1_3' title='bbox 456 107 808 187; x_wconf 60' lang='lat' dir='ltr'>tarracinensem.</span> 
     </span>
    </p>
   </div>
   <div class='ocr_carea' id='block_1_2' title="bbox 75 265 858 2733">
    <p class='ocr_par' dir='ltr' id='par_1_2' title="bbox 140 265 858 715">
     <span class='ocr_line' id='line_1_2' title="bbox 141 265 808 322; baseline -0.001 -7"><span class='ocrx_word' id='word_1_4' title='bbox 141 272 310 318; x_wconf 85' lang='lat' dir='ltr'>sacramentum,</span> <span class='ocrx_word' id='word_1_5' title='bbox 328 265 415 312; x_wconf 85' lang='lat' dir='ltr'>eunctis</span> <span class='ocrx_word' id='word_1_6' title='bbox 431 266 490 312; x_wconf 85' lang='lat' dir='ltr'>circa</span> <span class='ocrx_word' id='word_1_7' title='bbox 505 266 629 322; x_wconf 89' lang='lat' dir='ltr'>hostilibus,</span> <span class='ocrx_word' id='word_1_8' title='bbox 645 267 744 314; x_wconf 89' lang='lat' dir='ltr'>nondum</span> <span class='ocrx_word' id='word_1_9' title='bbox 764 282 808 313; x_wconf 85' lang='lat' dir='ltr'>ex-</span> 
     </span>
     <span class='ocr_line' id='line_1_3' title="bbox 140 328 809 393; baseline 0.003 -16"><span class='ocrx_word' id='word_1_10' title='bbox 140 338 212 377; x_wconf 88' lang='lat' dir='ltr'>uerat.</span> <span class='ocrx_word' id='word_1_11' title='bbox 244 328 269 375; x_wconf 89' lang='lat' dir='ltr'>Is</span> <span class='ocrx_word' id='word_1_12' title='bbox 287 328 407 376; x_wconf 83' lang='lat' dir='ltr'><strong>Valentem</strong></span> <span class='ocrx_word' id='word_1_13' title='bbox 419 331 512 378; x_wconf 76' lang='lat' dir='ltr'>comiter</span> <span class='ocrx_word' id='word_1_14' title='bbox 523 340 649 393; x_wconf 84' lang='lat' dir='ltr'>exceptum,</span> <span class='ocrx_word' id='word_1_15' title='bbox 666 347 695 378; x_wconf 90' lang='lat' dir='ltr'>ne</span> <span class='ocrx_word' id='word_1_16' title='bbox 707 332 809 379; x_wconf 88' lang='lat' dir='ltr'>Galliam</span> 
     </span>
     <span class='ocr_line' id='line_1_4' title="bbox 141 395 858 457; baseline 0.001 -15"><span class='ocrx_word' id='word_1_17' title='bbox 141 395 312 443; x_wconf 80' lang='lat' dir='ltr'>Narbonensem</span> <span class='ocrx_word' id='word_1_18' title='bbox 324 401 407 441; x_wconf 87' lang='lat' dir='ltr'>temere</span> <span class='ocrx_word' id='word_1_19' title='bbox 415 396 576 457; x_wconf 80' lang='lat' dir='ltr'>ingrederetur,</span> <span class='ocrx_word' id='word_1_20' title='bbox 587 397 700 443; x_wconf 91' lang='lat' dir='ltr'>monendo</span> <span class='ocrx_word' id='word_1_21' title='bbox 712 398 807 445; x_wconf 78' lang='lat' dir='ltr'>terruit:</span> <span class='ocrx_word' id='word_1_22' title='bbox 819 420 823 423; x_wconf 92' lang='lat'><strong>·</strong></span> <span class='ocrx_word' id='word_1_23' title='bbox 856 427 858 430; x_wconf 95' lang='lat'>-</span> 
     </span>
     <span class='ocr_line' id='line_1_5' title="bbox 142 459 826 521; baseline 0 -14"><span class='ocrx_word' id='word_1_24' title='bbox 142 460 209 507; x_wconf 86' lang='lat' dir='ltr'>simul</span> <span class='ocrx_word' id='word_1_25' title='bbox 226 468 359 507; x_wconf 78' lang='lat' dir='ltr'>caeterorum</span> <span class='ocrx_word' id='word_1_26' title='bbox 377 459 430 506; x_wconf 88' lang='lat' dir='ltr'>fides</span> <span class='ocrx_word' id='word_1_27' title='bbox 447 469 509 505; x_wconf 87' lang='lat' dir='ltr'>metu</span> <span class='ocrx_word' id='word_1_28' title='bbox 527 460 634 507; x_wconf 83' lang='lat' dir='ltr'>infracta:</span> <span class='ocrx_word' id='word_1_29' title='bbox 654 476 749 521; x_wconf 89' lang='lat' dir='ltr'>namque</span> <span class='ocrx_word' id='word_1_30' title='bbox 761 463 826 507; x_wconf 87' lang='lat' dir='ltr'>eir--</span> 
     </span>
     <span class='ocr_line' id='line_1_6' title="bbox 143 524 811 587; baseline 0.001 -16"><span class='ocrx_word' id='word_1_31' title='bbox 143 526 264 587; x_wconf 82' lang='lat' dir='ltr'>oumjectas</span> <span class='ocrx_word' id='word_1_32' title='bbox 285 526 387 572; x_wconf 87' lang='lat' dir='ltr'>civitates</span> <span class='ocrx_word' id='word_1_33' title='bbox 412 533 542 585; x_wconf 86' lang='lat' dir='ltr'>procurator</span> <span class='ocrx_word' id='word_1_34' title='bbox 564 524 668 573; x_wconf 82' lang='lat' dir='ltr'>Valerius</span> <span class='ocrx_word' id='word_1_35' title='bbox 690 526 811 581; x_wconf 75' lang='lat' dir='ltr'><strong>Paulinus,</strong></span> 
     </span>
     <span class='ocr_line' id='line_1_7' title="bbox 143 588 811 665; baseline 0.002 -28"><span class='ocrx_word' id='word_1_36' title='bbox 143 596 247 637; x_wconf 83' lang='lat' dir='ltr'>strenuus</span> <span class='ocrx_word' id='word_1_37' title='bbox 264 589 356 665; x_wconf 65' lang='lat' dir='ltr'>militiae,</span> <span class='ocrx_word' id='word_1_38' title='bbox 373 596 397 635; x_wconf 88' lang='lat' dir='ltr'>et</span> <span class='ocrx_word' id='word_1_39' title='bbox 407 588 555 651; x_wconf 79' lang='lat' dir='ltr'>Vespasiano</span> <span class='ocrx_word' id='word_1_40' title='bbox 558 598 611 637; x_wconf 89' lang='lat' dir='ltr'>ante</span> <span class='ocrx_word' id='word_1_41' title='bbox 619 590 733 637; x_wconf 84' lang='lat' dir='ltr'>fortunam</span> <span class='ocrx_word' id='word_1_42' title='bbox 749 592 811 638; x_wconf 87' lang='lat' dir='ltr'>ami-</span> 
     </span>
     <span class='ocr_line' id='line_1_8' title="bbox 142 654 490 715; baseline 0 -14"><span class='ocrx_word' id='word_1_43' title='bbox 142 670 189 707; x_wconf 88' lang='lat' dir='ltr'>cus,</span> <span class='ocrx_word' id='word_1_44' title='bbox 207 670 230 700; x_wconf 90' lang='grc' dir='ltr'>ιιι</span> <span class='ocrx_word' id='word_1_45' title='bbox 242 655 338 701; x_wconf 90' lang='lat' dir='ltr'>verba</span> <span class='ocrx_word' id='word_1_46' title='bbox 319 669 366 715; x_wconf 85' lang='lat' dir='ltr'>eJus</span> <span class='ocrx_word' id='word_1_47' title='bbox 377 654 490 715; x_wconf 83' lang='lat' dir='ltr'>adegerat.</span> 
     </span>
    </p>

    <p class='ocr_par' dir='ltr' id='par_1_3' title="bbox 142 716 821 1818">
     <span class='ocr_line' id='line_1_9' title="bbox 176 716 814 779; baseline 0.006 -14"><span class='ocrx_word' id='word_1_48' title='bbox 176 716 273 766; x_wconf 88' lang='lat' dir='ltr'>XLIII.</span> <span class='ocrx_word' id='word_1_49' title='bbox 291 717 437 777; x_wconf 87' lang='lat' dir='ltr'>Concitisque</span> <span class='ocrx_word' id='word_1_50' title='bbox 455 719 565 773; x_wconf 85' lang='lat' dir='ltr'>omnibus,</span> <span class='ocrx_word' id='word_1_51' title='bbox 581 720 619 779; x_wconf 86' lang='lat' dir='ltr'>qui</span> <span class='ocrx_word' id='word_1_52' title='bbox 638 722 774 769; x_wconf 83' lang='lat' dir='ltr'>exauctorati</span> <span class='ocrx_word' id='word_1_53' title='bbox 796 737 814 769; x_wconf 84' lang='lat' dir='ltr'>a</span> 
     </span>
     <span class='ocr_line' id='line_1_10' title="bbox 142 783 813 846; baseline 0.003 -16"><span class='ocrx_word' id='word_1_54' title='bbox 142 783 236 831; x_wconf 89' lang='lat' dir='ltr'>Vitellio</span> <span class='ocrx_word' id='word_1_55' title='bbox 247 784 329 829; x_wconf 89' lang='lat' dir='ltr'>bellum</span> <span class='ocrx_word' id='word_1_56' title='bbox 346 790 426 843; x_wconf 87' lang='lat' dir='ltr'>sponte</span> <span class='ocrx_word' id='word_1_57' title='bbox 437 785 559 838; x_wconf 89' lang='lat' dir='ltr'>sumebant,</span> <span class='ocrx_word' id='word_1_58' title='bbox 577 784 645 846; x_wconf 87' lang='lat' dir='ltr'>Foroj</span> <span class='ocrx_word' id='word_1_59' title='bbox 647 785 754 831; x_wconf 87' lang='lat' dir='ltr'>uliensem</span> <span class='ocrx_word' id='word_1_60' title='bbox 765 801 813 833; x_wconf 80' lang='lat' dir='ltr'>oo-</span> 
     </span>
     <span class='ocr_line' id='line_1_11' title="bbox 143 801 814 911; baseline 0.004 -16"><span class='ocrx_word' id='word_1_61' title='bbox 143 850 233 903; x_wconf 86' lang='lat' dir='ltr'>loniam,</span> <span class='ocrx_word' id='word_1_62' title='bbox 242 848 338 895; x_wconf 87' lang='lat' dir='ltr'>claustra</span> <span class='ocrx_word' id='word_1_63' title='bbox 348 848 422 903; x_wconf 89' lang='lat' dir='ltr'>maris,</span> <span class='ocrx_word' id='word_1_64' title='bbox 433 849 538 911; x_wconf 68' lang='lat' dir='ltr'>praesidio</span> <span class='ocrx_word' id='word_1_65' title='bbox 549 801 665 895; x_wconf 76' lang='lat' dir='ltr'>tuebatul:</span> <span class='ocrx_word' id='word_1_66' title='bbox 679 866 707 896; x_wconf 90' lang='lat' dir='ltr'>eo</span> <span class='ocrx_word' id='word_1_67' title='bbox 714 851 814 911; x_wconf 83' lang='lat' dir='ltr'>gravior</span> 
     </span>
     <span class='ocr_line' id='line_1_12' title="bbox 143 912 816 975; baseline 0.006 -14"><span class='ocrx_word' id='word_1_68' title='bbox 143 921 229 970; x_wconf 81' lang='lat' dir='ltr'>auctor,</span> <span class='ocrx_word' id='word_1_69' title='bbox 246 914 305 973; x_wconf 89' lang='lat' dir='ltr'>quod</span> <span class='ocrx_word' id='word_1_70' title='bbox 320 912 415 959; x_wconf 87' lang='lat' dir='ltr'>Paulino</span> <span class='ocrx_word' id='word_1_71' title='bbox 433 914 504 975; x_wconf 90' lang='lat' dir='ltr'>patria</span> <span class='ocrx_word' id='word_1_72' title='bbox 522 912 606 960; x_wconf 88' lang='lat' dir='ltr'>Forum</span> <span class='ocrx_word' id='word_1_73' title='bbox 620 914 683 969; x_wconf 87' lang='lat' dir='ltr'>Julii,</span> <span class='ocrx_word' id='word_1_74' title='bbox 700 922 722 961; x_wconf 87' lang='lat' dir='ltr'>et</span> <span class='ocrx_word' id='word_1_75' title='bbox 733 916 816 965; x_wconf 84' lang='lat' dir='ltr'>honos</span> 
     </span>
     <span class='ocr_line' id='line_1_13' title="bbox 144 978 817 1039; baseline 0.003 -14"><span class='ocrx_word' id='word_1_76' title='bbox 144 978 376 1039; x_wconf 80' lang='lat' dir='ltr'>apudpraetorianos,</span> <span class='ocrx_word' id='word_1_77' title='bbox 388 992 483 1037; x_wconf 85' lang='lat' dir='ltr'>quonrm</span> <span class='ocrx_word' id='word_1_78' title='bbox 495 978 605 1038; x_wconf 90' lang='lat' dir='ltr'>quondam</span> <span class='ocrx_word' id='word_1_79' title='bbox 617 980 717 1025; x_wconf 87' lang='lat' dir='ltr'>tribunus</span> <span class='ocrx_word' id='word_1_80' title='bbox 727 978 817 1031; x_wconf 83' lang='lat' dir='ltr'>fuerat.</span> 
     </span>
     <span class='ocr_line' id='line_1_14' title="bbox 144 1040 818 1119; baseline 0.004 -32"><span class='ocrx_word' id='word_1_81' title='bbox 144 1040 235 1119; x_wconf 84' lang='lat' dir='ltr'>Ipsique</span> <span class='ocrx_word' id='word_1_82' title='bbox 246 1042 334 1103; x_wconf 85' lang='lat' dir='ltr'>pagani,</span> <span class='ocrx_word' id='word_1_83' title='bbox 350 1041 427 1088; x_wconf 82' lang='lat' dir='ltr'>favore</span> <span class='ocrx_word' id='word_1_84' title='bbox 438 1043 564 1105; x_wconf 78' lang='lat' dir='ltr'>municipali</span> <span class='ocrx_word' id='word_1_85' title='bbox 575 1051 598 1089; x_wconf 86' lang='lat' dir='ltr'>et</span> <span class='ocrx_word' id='word_1_86' title='bbox 607 1043 690 1090; x_wconf 88' lang='lat' dir='ltr'>suturae</span> <span class='ocrx_word' id='word_1_87' title='bbox 699 1046 818 1105; x_wconf 68' lang='lat' dir='ltr'>potentia</span> 
     </span>
     <span class='ocr_line' id='line_1_15' title="bbox 145 1108 819 1170; baseline 0.011 -20"><span class='ocrx_word' id='word_1_88' title='bbox 145 1122 190 1167; x_wconf 87' lang='lat' dir='ltr'>spe,</span> <span class='ocrx_word' id='word_1_89' title='bbox 202 1108 284 1168; x_wconf 88' lang='lat' dir='ltr'>J&#39;uvare</span> <span class='ocrx_word' id='word_1_90' title='bbox 293 1118 368 1167; x_wconf 88' lang='lat' dir='ltr'>partes</span> <span class='ocrx_word' id='word_1_91' title='bbox 379 1108 548 1155; x_wconf 79' lang='lat' dir='ltr'>annitebantur.</span> <span class='ocrx_word' id='word_1_92' title='bbox 567 1124 618 1169; x_wconf 87' lang='lat' dir='ltr'>quae</span> <span class='ocrx_word' id='word_1_93' title='bbox 632 1108 669 1154; x_wconf 88' lang='lat' dir='ltr'>ubi</span> <span class='ocrx_word' id='word_1_94' title='bbox 681 1116 756 1170; x_wconf 84' lang='lat' dir='ltr'>paratu</span> <span class='ocrx_word' id='word_1_95' title='bbox 767 1108 819 1158; x_wconf 89' lang='lat' dir='ltr'>fir-</span> 
     </span>
     <span class='ocr_line' id='line_1_16' title="bbox 144 1172 818 1234; baseline 0.007 -17"><span class='ocrx_word' id='word_1_96' title='bbox 144 1186 188 1224; x_wconf 89' lang='lat' dir='ltr'>ma,</span> <span class='ocrx_word' id='word_1_97' title='bbox 205 1178 228 1217; x_wconf 87' lang='lat' dir='ltr'>et</span> <span class='ocrx_word' id='word_1_98' title='bbox 238 1179 303 1217; x_wconf 86' lang='lat' dir='ltr'>aucta</span> <span class='ocrx_word' id='word_1_99' title='bbox 314 1186 409 1225; x_wconf 88' lang='lat' dir='ltr'>rumore,</span> <span class='ocrx_word' id='word_1_100' title='bbox 421 1174 480 1234; x_wconf 89' lang='lat' dir='ltr'>apud</span> <span class='ocrx_word' id='word_1_101' title='bbox 491 1174 563 1219; x_wconf 76' lang='lat' dir='ltr'>iarios</span> <span class='ocrx_word' id='word_1_102' title='bbox 575 1172 745 1220; x_wconf 85' lang='lat' dir='ltr'>Vitellianorum</span> <span class='ocrx_word' id='word_1_103' title='bbox 756 1177 818 1223; x_wconf 84' lang='lat' dir='ltr'>ani-</span> 
     </span>
     <span class='ocr_line' id='line_1_17' title="bbox 143 1233 818 1299; baseline 0 -16"><span class='ocrx_word' id='word_1_104' title='bbox 143 1251 194 1283; x_wconf 85' lang='lat' dir='ltr'>mos</span> <span class='ocrx_word' id='word_1_105' title='bbox 210 1233 346 1291; x_wconf 75' lang='lat' dir='ltr'>increbuere,</span> <span class='ocrx_word' id='word_1_106' title='bbox 363 1235 445 1284; x_wconf 80' lang='lat' dir='ltr'>Fabius</span> <span class='ocrx_word' id='word_1_107' title='bbox 459 1237 543 1284; x_wconf 82' lang='lat' dir='ltr'>Valens</span> <span class='ocrx_word' id='word_1_108' title='bbox 560 1254 611 1284; x_wconf 91' lang='lat' dir='ltr'>cum</span> <span class='ocrx_word' id='word_1_109' title='bbox 622 1245 716 1298; x_wconf 90' lang='lat' dir='ltr'>quatuor</span> <span class='ocrx_word' id='word_1_110' title='bbox 727 1254 818 1299; x_wconf 84' lang='lat' dir='ltr'>specu-</span> 
     </span>
     <span class='ocr_line' id='line_1_18' title="bbox 144 1301 820 1358; baseline 0.006 -9"><span class='ocrx_word' id='word_1_111' title='bbox 144 1301 250 1351; x_wconf 79' lang='lat' dir='ltr'>latoribus</span> <span class='ocrx_word' id='word_1_112' title='bbox 268 1308 291 1348; x_wconf 89' lang='lat' dir='ltr'>et</span> <span class='ocrx_word' id='word_1_113' title='bbox 306 1302 376 1348; x_wconf 87' lang='lat' dir='ltr'>tribus</span> <span class='ocrx_word' id='word_1_114' title='bbox 387 1303 470 1356; x_wconf 86' lang='lat' dir='ltr'>amicis,</span> <span class='ocrx_word' id='word_1_115' title='bbox 487 1304 579 1349; x_wconf 87' lang='lat' dir='ltr'>totidem</span> <span class='ocrx_word' id='word_1_116' title='bbox 591 1304 761 1358; x_wconf 72' lang='lat' dir='ltr'>centurionibus,</span> <span class='ocrx_word' id='word_1_117' title='bbox 781 1308 820 1355; x_wconf 80' lang='lat' dir='ltr'>ad</span> 
     </span>
     <span class='ocr_line' id='line_1_19' title="bbox 144 1366 821 1428; baseline 0 -15"><span class='ocrx_word' id='word_1_118' title='bbox 144 1382 214 1415; x_wconf 84' lang='lat' dir='ltr'>naves</span> <span class='ocrx_word' id='word_1_119' title='bbox 230 1366 368 1427; x_wconf 77' lang='lat' dir='ltr'>regreditur:</span> <span class='ocrx_word' id='word_1_120' title='bbox 389 1366 481 1413; x_wconf 82' lang='lat' dir='ltr'>Maturo</span> <span class='ocrx_word' id='word_1_121' title='bbox 501 1368 631 1428; x_wconf 83' lang='lat' dir='ltr'>caeterisque</span> <span class='ocrx_word' id='word_1_122' title='bbox 647 1383 767 1422; x_wconf 85' lang='lat' dir='ltr'>remanere,</span> <span class='ocrx_word' id='word_1_123' title='bbox 791 1380 821 1421; x_wconf 78' lang='lat' dir='ltr'>et</span> 
     </span>
     <span class='ocr_line' id='line_1_20' title="bbox 143 1430 819 1495; baseline 0.003 -17"><span class='ocrx_word' id='word_1_124' title='bbox 143 1432 167 1478; x_wconf 86' lang='lat' dir='ltr'>in</span> <span class='ocrx_word' id='word_1_125' title='bbox 179 1432 245 1478; x_wconf 87' lang='lat' dir='ltr'>verba</span> <span class='ocrx_word' id='word_1_126' title='bbox 256 1430 388 1494; x_wconf 82' lang='lat' dir='ltr'>Vespasiani</span> <span class='ocrx_word' id='word_1_127' title='bbox 400 1432 467 1494; x_wconf 83' lang='lat' dir='ltr'>adigi,</span> <span class='ocrx_word' id='word_1_128' title='bbox 478 1432 604 1479; x_wconf 80' lang='lat' dir='ltr'>volentibus</span> <span class='ocrx_word' id='word_1_129' title='bbox 614 1432 664 1480; x_wconf 82' lang='lat' dir='ltr'>fuit.</span> <span class='ocrx_word' id='word_1_130' title='bbox 683 1431 819 1495; x_wconf 81' lang='lat' dir='ltr'>Caeterum,</span> 
     </span>
     <span class='ocr_line' id='line_1_21' title="bbox 144 1496 820 1558; baseline 0.003 -14"><span class='ocrx_word' id='word_1_131' title='bbox 144 1504 242 1544; x_wconf 80' lang='lat' dir='ltr'>armare</span> <span class='ocrx_word' id='word_1_132' title='bbox 256 1497 325 1542; x_wconf 89' lang='lat' dir='ltr'>tutius</span> <span class='ocrx_word' id='word_1_133' title='bbox 339 1496 437 1552; x_wconf 79' lang='lat' dir='ltr'>Valenti,</span> <span class='ocrx_word' id='word_1_134' title='bbox 455 1512 521 1558; x_wconf 90' lang='lat' dir='ltr'>quam</span> <span class='ocrx_word' id='word_1_135' title='bbox 537 1499 604 1544; x_wconf 87' lang='lat' dir='ltr'>litora</span> <span class='ocrx_word' id='word_1_136' title='bbox 620 1507 660 1545; x_wconf 91' lang='lat' dir='ltr'>aut</span> <span class='ocrx_word' id='word_1_137' title='bbox 679 1499 755 1555; x_wconf 78' lang='lat' dir='ltr'>urbes3</span> <span class='ocrx_word' id='word_1_138' title='bbox 767 1501 820 1552; x_wconf 55' lang='lat' dir='ltr'>‚its</span> 
     </span>
     <span class='ocr_line' id='line_1_22' title="bbox 142 1559 819 1624; baseline 0.004 -16"><span class='ocrx_word' id='word_1_139' title='bbox 142 1559 211 1608; x_wconf 83' lang='lat' dir='ltr'>iuturi</span> <span class='ocrx_word' id='word_1_140' title='bbox 230 1561 354 1623; x_wconf 83' lang='lat' dir='ltr'>ambiguus,</span> <span class='ocrx_word' id='word_1_141' title='bbox 371 1569 400 1608; x_wconf 88' lang='lat' dir='ltr'>et</span> <span class='ocrx_word' id='word_1_142' title='bbox 413 1563 492 1624; x_wconf 84' lang='lat' dir='ltr'>magis,</span> <span class='ocrx_word' id='word_1_143' title='bbox 509 1563 562 1623; x_wconf 91' lang='lat' dir='ltr'>quid</span> <span class='ocrx_word' id='word_1_144' title='bbox 580 1563 666 1618; x_wconf 77' lang='lat' dir='ltr'>vitaret,</span> <span class='ocrx_word' id='word_1_145' title='bbox 683 1578 748 1624; x_wconf 83' lang='lat' dir='ltr'>quam</span> <span class='ocrx_word' id='word_1_146' title='bbox 770 1569 819 1616; x_wconf 83' lang='lat' dir='ltr'>eui</span> 
     </span>
     <span class='ocr_line' id='line_1_23' title="bbox 142 1624 818 1689; baseline 0 -17"><span class='ocrx_word' id='word_1_147' title='bbox 142 1624 227 1680; x_wconf 87' lang='lat' dir='ltr'>fideret,</span> <span class='ocrx_word' id='word_1_148' title='bbox 244 1633 325 1681; x_wconf 82' lang='lat' dir='ltr'>certus,</span> <span class='ocrx_word' id='word_1_149' title='bbox 343 1625 437 1675; x_wconf 71' lang='lat' dir='ltr'>adversa</span> <span class='ocrx_word' id='word_1_150' title='bbox 445 1635 578 1689; x_wconf 80' lang='lat' dir='ltr'>tempestate</span> <span class='ocrx_word' id='word_1_151' title='bbox 590 1628 725 1681; x_wconf 87' lang='lat' dir='ltr'>Stoeobadas,</span> <span class='ocrx_word' id='word_1_152' title='bbox 737 1626 818 1679; x_wconf 65' lang='lat' dir='ltr'>Mas.</span> 
     </span>
     <span class='ocr_line' id='line_1_24' title="bbox 142 1690 820 1747; baseline 0.01 -11"><span class='ocrx_word' id='word_1_153' title='bbox 142 1690 264 1738; x_wconf 88' lang='lat' dir='ltr'>siliensium</span> <span class='ocrx_word' id='word_1_154' title='bbox 275 1692 365 1747; x_wconf 86' lang='lat' dir='ltr'>insulas,</span> <span class='ocrx_word' id='word_1_155' title='bbox 383 1691 486 1739; x_wconf 84' lang='lat' dir='ltr'>affertur.</span> <span class='ocrx_word' id='word_1_156' title='bbox 503 1692 534 1738; x_wconf 92' lang='grc' dir='ltr'>ι1ι</span> <span class='ocrx_word' id='word_1_157' title='bbox 542 1708 594 1740; x_wconf 89' lang='lat' dir='ltr'>eum</span> <span class='ocrx_word' id='word_1_158' title='bbox 602 1694 677 1739; x_wconf 84' lang='lat' dir='ltr'>missae</span> <span class='ocrx_word' id='word_1_159' title='bbox 687 1692 820 1746; x_wconf 78' lang='lat' dir='ltr'>aPauliuo</span> 
     </span>
     <span class='ocr_line' id='line_1_25' title="bbox 143 1753 419 1818; baseline 0.007 -16"><span class='ocrx_word' id='word_1_160' title='bbox 143 1753 272 1803; x_wconf 82' lang='lat' dir='ltr'>Liburnioae</span> <span class='ocrx_word' id='word_1_161' title='bbox 282 1754 419 1818; x_wconf 70' lang='lat' dir='ltr'>oppressere.</span> 
     </span>
    </p>

    <p class='ocr_par' dir='ltr' id='par_1_4' title="bbox 141 1818 821 2011">
     <span class='ocr_line' id='line_1_26' title="bbox 176 1818 820 1888; baseline 0.009 -24"><span class='ocrx_word' id='word_1_162' title='bbox 176 1818 269 1867; x_wconf 91' lang='lat' dir='ltr'>XLIV.</span> <span class='ocrx_word' id='word_1_163' title='bbox 287 1819 361 1882; x_wconf 88' lang='lat' dir='ltr'>Capto</span> <span class='ocrx_word' id='word_1_164' title='bbox 381 1819 484 1877; x_wconf 91' lang='lat' dir='ltr'>Valente,</span> <span class='ocrx_word' id='word_1_165' title='bbox 501 1832 582 1872; x_wconf 84' lang='lat' dir='ltr'>cuncta</span> <span class='ocrx_word' id='word_1_166' title='bbox 597 1823 626 1870; x_wconf 91' lang='lat' dir='ltr'>ad</span> <span class='ocrx_word' id='word_1_167' title='bbox 641 1823 732 1871; x_wconf 78' lang='lat' dir='ltr'>victoris</span> <span class='ocrx_word' id='word_1_168' title='bbox 747 1840 820 1888; x_wconf 65' lang='lat' dir='ltr'>ope.</span> 
     </span>
     <span class='ocr_line' id='line_1_27' title="bbox 142 1885 821 1965; baseline 0.012 -34"><span class='ocrx_word' id='word_1_169' title='bbox 142 1895 258 1942; x_wconf 79' lang='lat' dir='ltr'>conversa,</span> <span class='ocrx_word' id='word_1_170' title='bbox 274 1885 338 1931; x_wconf 90' lang='lat' dir='ltr'>initio</span> <span class='ocrx_word' id='word_1_171' title='bbox 357 1901 397 1948; x_wconf 89' lang='lat' dir='ltr'>per</span> <span class='ocrx_word' id='word_1_172' title='bbox 415 1885 549 1965; x_wconf 74' lang='lat' dir='ltr'>Hispaniam</span> <span class='ocrx_word' id='word_1_173' title='bbox 567 1888 669 1950; x_wconf 77' lang='lat' dir='ltr'>oprimi</span> <span class='ocrx_word' id='word_1_174' title='bbox 687 1888 821 1948; x_wconf 76' lang='lat' dir='ltr'>AdJ&#39;utriee</span> 
     </span>
     <span class='ocr_line' id='line_1_28' title="bbox 141 1949 822 2016; baseline 0.012 -20"><span class='ocrx_word' id='word_1_175' title='bbox 141 1949 232 2011; x_wconf 84' lang='lat' dir='ltr'>legione</span> <span class='ocrx_word' id='word_1_176' title='bbox 242 1957 299 2005; x_wconf 88' lang='lat' dir='ltr'>orto,</span> <span class='ocrx_word' id='word_1_177' title='bbox 315 1950 694 2011; x_wconf 73' lang='lat' dir='ltr'>quae,menr0ria0tbonisin1ensa</span> <span class='ocrx_word' id='word_1_178' title='bbox 705 1953 822 2016; x_wconf 85' lang='lat' dir='ltr'>Vitellio,</span> 
     </span>
    </p>

    <p class='ocr_par' dir='ltr' id='par_1_5' title="bbox 75 2014 826 2450">
     <span class='ocr_line' id='line_1_29' title="bbox 75 2014 822 2077; baseline 0.01 -18"><span class='ocrx_word' id='word_1_179' title='bbox 75 2034 77 2042; x_wconf 78' lang='grc' dir='ltr'>ι</span> <span class='ocrx_word' id='word_1_180' title='bbox 142 2014 251 2062; x_wconf 81' lang='lat' dir='ltr'>decimam</span> <span class='ocrx_word' id='word_1_181' title='bbox 263 2031 352 2077; x_wconf 90' lang='lat' dir='ltr'>quoque</span> <span class='ocrx_word' id='word_1_182' title='bbox 363 2032 389 2063; x_wconf 86' lang='lat' dir='ltr'>ac</span> <span class='ocrx_word' id='word_1_183' title='bbox 401 2024 486 2064; x_wconf 83' lang='lat' dir='ltr'>sextam</span> <span class='ocrx_word' id='word_1_184' title='bbox 499 2018 572 2064; x_wconf 85' lang='lat' dir='ltr'>traxit.</span> <span class='ocrx_word' id='word_1_185' title='bbox 595 2017 646 2065; x_wconf 87' lang='lat' dir='ltr'>Neo</span> <span class='ocrx_word' id='word_1_186' title='bbox 656 2018 822 2070; x_wconf 82' lang='lat' dir='ltr'>Galliaecun-</span> 
     </span>
     <span class='ocr_line' id='line_1_30' title="bbox 142 2081 822 2144; baseline 0.006 -18"><span class='ocrx_word' id='word_1_187' title='bbox 142 2081 267 2132; x_wconf 85' lang='lat' dir='ltr'>etabantur.</span> <span class='ocrx_word' id='word_1_188' title='bbox 298 2081 338 2128; x_wconf 83' lang='lat' dir='ltr'>Et</span> <span class='ocrx_word' id='word_1_189' title='bbox 348 2081 489 2128; x_wconf 86' lang='lat' dir='ltr'>Britanniam</span> <span class='ocrx_word' id='word_1_190' title='bbox 506 2083 604 2144; x_wconf 81' lang='lat' dir='ltr'>inclytus</span> <span class='ocrx_word' id='word_1_191' title='bbox 617 2099 671 2144; x_wconf 85' lang='lat' dir='ltr'>erga</span> <span class='ocrx_word' id='word_1_192' title='bbox 682 2082 822 2144; x_wconf 78' lang='lat' dir='ltr'>Vespasia.</span> 
     </span>
     <span class='ocr_line' id='line_1_31' title="bbox 142 2146 822 2224; baseline 0.009 -34"><span class='ocrx_word' id='word_1_193' title='bbox 142 2159 197 2192; x_wconf 89' lang='lat' dir='ltr'>nuru</span> <span class='ocrx_word' id='word_1_194' title='bbox 208 2146 245 2192; x_wconf 84' lang='lat' dir='ltr'>sm</span> <span class='ocrx_word' id='word_1_195' title='bbox 239 2162 278 2200; x_wconf 94' lang='lat' dir='ltr'>or</span> <span class='ocrx_word' id='word_1_196' title='bbox 287 2147 347 2206; x_wconf 90' lang='lat' dir='ltr'>quod</span> <span class='ocrx_word' id='word_1_197' title='bbox 357 2147 402 2192; x_wconf 88' lang='lat' dir='ltr'>illie</span> <span class='ocrx_word' id='word_1_198' title='bbox 412 2147 516 2194; x_wconf 80' lang='lat' dir='ltr'>secundae</span> <span class='ocrx_word' id='word_1_199' title='bbox 527 2147 611 2224; x_wconf 77' lang='lat' dir='ltr'>legioni</span> <span class='ocrx_word' id='word_1_200' title='bbox 621 2147 736 2196; x_wconf 77' lang='lat' dir='ltr'>aclaudio</span> <span class='ocrx_word' id='word_1_201' title='bbox 744 2164 822 2208; x_wconf 76' lang='lat' dir='ltr'>prae.</span> 
     </span>
     <span class='ocr_line' id='line_1_32' title="bbox 140 2209 826 2274; baseline 0.009 -19"><span class='ocrx_word' id='word_1_202' title='bbox 140 2209 227 2271; x_wconf 85' lang='lat' dir='ltr'>positus</span> <span class='ocrx_word' id='word_1_203' title='bbox 238 2218 262 2256; x_wconf 88' lang='lat' dir='ltr'>et</span> <span class='ocrx_word' id='word_1_204' title='bbox 272 2211 329 2257; x_wconf 92' lang='lat' dir='ltr'>bello</span> <span class='ocrx_word' id='word_1_205' title='bbox 340 2211 412 2258; x_wconf 85' lang='lat' dir='ltr'>clarus</span> <span class='ocrx_word' id='word_1_206' title='bbox 422 2219 506 2272; x_wconf 80' lang='lat' dir='ltr'>egerat,</span> <span class='ocrx_word' id='word_1_207' title='bbox 515 2227 561 2259; x_wconf 87' lang='lat' dir='ltr'>non</span> <span class='ocrx_word' id='word_1_208' title='bbox 572 2215 621 2260; x_wconf 87' lang='lat' dir='ltr'>sine</span> <span class='ocrx_word' id='word_1_209' title='bbox 631 2222 693 2260; x_wconf 87' lang='lat' dir='ltr'>motu</span> <span class='ocrx_word' id='word_1_210' title='bbox 703 2213 826 2274; x_wconf 74' lang='lat' dir='ltr'>adjunxit</span> 
     </span>
     <span class='ocr_line' id='line_1_33' title="bbox 141 2275 826 2352; baseline 0.01 -32"><span class='ocrx_word' id='word_1_211' title='bbox 141 2283 280 2330; x_wconf 77' lang='lat' dir='ltr'>caeterarum,</span> <span class='ocrx_word' id='word_1_212' title='bbox 297 2275 320 2320; x_wconf 90' lang='lat' dir='ltr'>in</span> <span class='ocrx_word' id='word_1_213' title='bbox 337 2277 415 2352; x_wconf 81' lang='lat' dir='ltr'>quibus</span> <span class='ocrx_word' id='word_1_214' title='bbox 426 2277 525 2337; x_wconf 84' lang='lat' dir='ltr'>plerique</span> <span class='ocrx_word' id='word_1_215' title='bbox 534 2279 676 2324; x_wconf 84' lang='lat' dir='ltr'>centuriones</span> <span class='ocrx_word' id='word_1_216' title='bbox 686 2293 711 2323; x_wconf 88' lang='lat' dir='ltr'>ac</span> <span class='ocrx_word' id='word_1_217' title='bbox 722 2278 826 2334; x_wconf 57' lang='lat' dir='ltr'>milites</span> 
     </span>
     <span class='ocr_line' id='line_1_34' title="bbox 142 2337 825 2448; baseline 0.007 -64"><span class='ocrx_word' id='word_1_218' title='bbox 142 2351 156 2384; x_wconf 84' lang='lat' dir='ltr'>a</span> <span class='ocrx_word' id='word_1_219' title='bbox 171 2337 268 2448; x_wconf 54' lang='lat' dir='ltr'>Vipellio</span> <span class='ocrx_word' id='word_1_220' title='bbox 284 2341 391 2401; x_wconf 83' lang='lat' dir='ltr'>provecti,</span> <span class='ocrx_word' id='word_1_221' title='bbox 408 2350 524 2403; x_wconf 84' lang='lat' dir='ltr'>expertum</span> <span class='ocrx_word' id='word_1_222' title='bbox 537 2344 586 2405; x_wconf 81' lang='lat' dir='ltr'>Janr</span> <span class='ocrx_word' id='word_1_223' title='bbox 598 2343 725 2405; x_wconf 82' lang='lat' dir='ltr'>principem</span> <span class='ocrx_word' id='word_1_224' title='bbox 742 2352 825 2400; x_wconf 74' lang='lat' dir='ltr'>anxii</span> 
     </span>
     <span class='ocr_line' id='line_1_35' title="bbox 143 2409 266 2450; baseline 0.016 -2"><span class='ocrx_word' id='word_1_225' title='bbox 143 2409 206 2448; x_wconf 86' lang='lat' dir='ltr'>muta</span> <span class='ocrx_word' id='word_1_226' title='bbox 221 2411 266 2450; x_wconf 84' lang='lat' dir='ltr'>ant.</span> 
     </span>
    </p>

    <p class='ocr_par' dir='ltr' id='par_1_6' title="bbox 139 2466 830 2733">
     <span class='ocr_line' id='line_1_36' title="bbox 153 2466 827 2528; baseline 0.011 -16.225"><span class='ocrx_word' id='word_1_227' title='bbox 153 2466 254 2514; x_wconf 86' lang='lat' dir='ltr'>XLV.</span> <span class='ocrx_word' id='word_1_228' title='bbox 271 2466 308 2516; x_wconf 77' lang='lat' dir='ltr'>Ed</span> <span class='ocrx_word' id='word_1_229' title='bbox 324 2471 440 2526; x_wconf 70' lang='lat' dir='ltr'>discordiis,</span> <span class='ocrx_word' id='word_1_230' title='bbox 457 2479 480 2518; x_wconf 81' lang='lat' dir='ltr'>et</span> <span class='ocrx_word' id='word_1_231' title='bbox 490 2473 573 2519; x_wconf 85' lang='lat' dir='ltr'>crebris</span> <span class='ocrx_word' id='word_1_232' title='bbox 582 2473 634 2520; x_wconf 84' lang='lat' dir='ltr'>belli</span> <span class='ocrx_word' id='word_1_233' title='bbox 645 2473 716 2520; x_wconf 86' lang='lat' dir='ltr'>civilis</span> <span class='ocrx_word' id='word_1_234' title='bbox 727 2489 827 2528; x_wconf 74' lang='lat' dir='ltr'>ramo.</span> 
     </span>
     <span class='ocr_line' id='line_1_37' title="bbox 141 2531 827 2607; baseline 0.021 -31"><span class='ocrx_word' id='word_1_235' title='bbox 141 2531 208 2587; x_wconf 87' lang='lat' dir='ltr'>ribus,</span> <span class='ocrx_word' id='word_1_236' title='bbox 225 2531 327 2582; x_wconf 82' lang='lat' dir='ltr'>Britanni</span> <span class='ocrx_word' id='word_1_237' title='bbox 344 2534 454 2584; x_wconf 87' lang='lat' dir='ltr'>sustulere</span> <span class='ocrx_word' id='word_1_238' title='bbox 470 2538 565 2594; x_wconf 85' lang='lat' dir='ltr'>animos,</span> <span class='ocrx_word' id='word_1_239' title='bbox 582 2547 673 2586; x_wconf 85' lang='lat' dir='ltr'>auctore</span> <span class='ocrx_word' id='word_1_240' title='bbox 687 2537 827 2607; x_wconf 77' lang='lat' dir='ltr'>Venuti03</span> 
     </span>
     <span class='ocr_line' id='line_1_38' title="bbox 141 2597 830 2663; baseline 0.023 -21"><span class='ocrx_word' id='word_1_241' title='bbox 141 2597 186 2656; x_wconf 84' lang='lat' dir='ltr'>qui,</span> <span class='ocrx_word' id='word_1_242' title='bbox 209 2612 276 2660; x_wconf 85' lang='lat' dir='ltr'>anper</span> <span class='ocrx_word' id='word_1_243' title='bbox 296 2601 385 2648; x_wconf 87' lang='lat' dir='ltr'>insitam</span> <span class='ocrx_word' id='word_1_244' title='bbox 406 2601 519 2657; x_wconf 78' lang='lat' dir='ltr'>ferociam,</span> <span class='ocrx_word' id='word_1_245' title='bbox 543 2611 581 2652; x_wconf 88' lang='lat' dir='ltr'>et</span> <span class='ocrx_word' id='word_1_246' title='bbox 588 2603 687 2652; x_wconf 79' lang='lat' dir='ltr'>Romani</span> <span class='ocrx_word' id='word_1_247' title='bbox 706 2609 830 2663; x_wconf 69' lang='lat' dir='ltr'>nominis</span> 
     </span>
     <span class='ocr_line' id='line_1_39' title="bbox 139 2661 829 2733; baseline 0.016 -25"><span class='ocrx_word' id='word_1_248' title='bbox 139 2661 221 2718; x_wconf 78' lang='lat' dir='ltr'>odium,</span> <span class='ocrx_word' id='word_1_249' title='bbox 238 2666 332 2728; x_wconf 90' lang='lat' dir='ltr'>propriis</span> <span class='ocrx_word' id='word_1_250' title='bbox 348 2667 372 2714; x_wconf 90' lang='lat' dir='ltr'>in</span> <span class='ocrx_word' id='word_1_251' title='bbox 389 2664 585 2717; x_wconf 84' lang='lat' dir='ltr'>Cartismauduam</span> <span class='ocrx_word' id='word_1_252' title='bbox 595 2671 696 2733; x_wconf 76' lang='lat' dir='ltr'>reginam</span> <span class='ocrx_word' id='word_1_253' title='bbox 708 2671 829 2730; x_wconf 59' lang='lat' dir='ltr'>stimulffl</span> 
     </span>
    </p>
   </div>
   <div class='ocr_carea' id='block_1_3' title="bbox 0 0 925 2900">
    <p class='ocr_par' dir='ltr' id='par_1_7' title="bbox 0 0 925 2900">
     <span class='ocr_line' id='line_1_40' title="bbox 0 0 925 2900; baseline 0 0"><span class='ocrx_word' id='word_1_254' title='bbox 0 0 925 2900; x_wconf 95' lang='lat' dir='ltr'> </span> 
     </span>
    </p>
   </div>
  </div>
 </body>
</html>
