1834 2900
119 119 218 166 suro.
239 115 489 167 HISTORIARUM
500 116 594 167 mn
602 117 714 169 Caro&
758 126 790 172 86

106 254 193 307 ‘torem
205 249 334 302 insectatur,
344 248 488 311 »legionarius
498 257 524 296 ut
533 237 644 311 hospitem
655 253 789 307 tuetur-sui

118 314 203 374 suique
214 314 378 359 commilitones
389 314 515 375 aggregati,
526 330 541 361 a
551 316 657 363 condeto
667 318 696 364 sd
703 314 788 367 codem

120 374 246 431 transilire:
265 386 288 423 et
298 378 401 438 proelium
413 386 478 425 atrox
489 380 615 435 exarsisset,
632 382 655 426 ui
666 382 717 429 duaa
727 399 786 445 prae·

120 442 188 489 toriae
204 442 313 496 cobortes,
331 456 420 488 oausam
438 445 682 502 quartadecimanorum
695 455 786 504 seoutae,

119 506 156 553 bis
174 504 277 554 fiduciam
295 514 318 553 et
334 517 419 553 metum
432 506 526 554 Batavis
535 509 653 555 fecissent:
672 526 731 571 quos
741 512 785 559 Vi·

118 571 196 626 tellius
212 572 296 632 agmini
307 572 430 633 suojungi,
447 580 473 618 ut
483 572 554 629 lidos3
571 573 691 634 legionem,
709 576 787 623 Graiis

119 635 216 697 Alpibus
233 636 365 689 traductam,
382 652 410 682 eo
427 636 489 683 flexu
506 638 592 684 itineris
608 638 641 683 ire
651 638 722 699 jubet,
739 657 785 701 quo

119 698 358 751 Viennamsitarent:
378 716 476 762 namque
489 708 512 747 et
525 700 666 749 Viennenses
676 705 785 753 timebsn·

118 773 164 813 tur.
191 764 273 820 Nocte,
285 766 330 825 qud
340 765 521 827 proficiscebatur
531 766 599 829 legio,
609 768 692 814 relictis
703 771 785 831 passim

100 825 107 839 ¹
117 831 216 893 ignibus,
227 845 279 892 pars
290 830 397 877 Taurinae
409 829 513 879 Coloniae
523 833 637 879 ambusta:
651 834 711 893 quod
722 834 785 881 dam·

117 910 183 952 num,
200 902 226 941 ut
241 895 346 956 pleraque
360 896 411 942 belli
425 896 492 951 mala,
508 898 628 958 majoribus
641 898 734 945 abarum
745 913 785 945 ar·

116 961 179 1009 bium
202 960 301 1007 cladibus
322 960 471 1007 obliteratum.
490 960 699 1024 ,Quartsdeoimsoi
720 971 783 1025 post·

117 1038 186 1086 quam
198 1023 294 1086 Alpibus
311 1025 411 1086 degressi
423 1033 483 1080 sunt,
500 1027 679 1078 seditiosissimus
690 1029 785 1091 quisque

117 1090 185 1151 signa
201 1087 314 1135 Viennam
331 1089 445 1137 ferebant:
465 1106 576 1139 consensu
590 1093 707 1140 meliorum
718 1109 783 1146 corn·
804 1143 807 1147 A

116 1154 195 1217 pressi,
213 1161 235 1199 et
245 1153 305 1215 legio
316 1154 339 1200 in
352 1153 493 1204 Britanniam
504 1163 637 1205 transvecta.

111 1256 114 1263 .
149 1216 257 1264 LXVII.
274 1218 396 1266 Proximus
407 1219 501 1267 Vitellio
511 1236 525 1268 a
534 1223 643 1281 praetoriis
653 1224 783 1270 cohortibus

113 1291 190 1331 metus
201 1290 263 1332 erat:
283 1285 378 1345 separati
385 1285 489 1346 primum,
500 1285 586 1340 deinde,
596 1287 671 1333 addito
681 1288 784 1335 honestae

114 1349 229 1405 missionis
243 1348 458 1403 ,lenimento-anna
473 1350 501 1396 ad
516 1350 680 1401 tribunossuos
696 1351 782 1398 delere·

114 1414 184 1472 bnot3
202 1414 274 1462 donae
291 1420 377 1461 motum
394 1430 408 1462 a
426 1413 565 1477 Vespasiano
580 1415 663 1463 bellum
682 1417 782 1464 erebres-

116 1491 193 1526 oeress
208 1486 262 1535 tuus,
275 1479 375 1528 resumta
386 1479 475 1535 militia,
484 1481 551 1526 robur
562 1480 718 1530 Flavianarum
729 1497 781 1546 pas·

114 1544 174 1600 tium
192 1541 263 1590 fuere.
294 1543 372 1591 Prima
386 1544 530 1591 classicorum
540 1545 601 1606 legio
611 1547 634 1591 in
647 1545 782 1608 Hispaniam

114 1609 191 1663 missa,
209 1616 234 1655 ut
244 1624 299 1671 pace
310 1617 332 1656 et
343 1609 389 1656 otio
402 1610 544 1656 mitesoaretz
564 1611 681 1658 undecima
690 1626 717 1657 ao
728 1626 781 1673 sepq

112 1674 170 1721 tima
189 1674 235 1720 suis
254 1675 351 1721 hibernis
373 1675 673 1722 redditaertertisdeoirnsni
694 1682 781 1722 struere

109 1737 782 1866 artistutuiuuduuiuffltu

771 1841 780 1864 2

112 1883 230 1929 nunquam
247 1870 315 1916 itssd
322 1885 387 1918 ouras
396 1871 486 1917 intento
495 1869 595 1929 Vitellio,
608 1878 633 1917 ut
641 1871 780 1934 voluptatum

109 1933 288 1980 oblivisceretur.
299 1965 301 1972 ι
671 1932 675 1939 ’

145 1997 268 2046 LXVlll.
286 1999 319 2046 Et
333 2000 422 2061 quidem
433 2008 509 2063 partes
519 2003 621 2050 modeste
631 2002 777 2048 distraxerat:

109 2065 172 2126 apud
183 2065 280 2112 victores
291 2073 341 2112 orta
351 2067 437 2120 seditio,
454 2066 540 2112 ludicro
546 2068 622 2122 ,initio
640 2067 682 2112 nisi
699 2079 779 2112 nume·

109 2143 151 2178 rus
169 2144 281 2176 caesorum
298 2130 404 2178 iuvidiam
422 2131 481 2178 bello
492 2131 598 2178 auxisset.
630 2129 781 2179 Discubuerat

110 2192 220 2242 Vitellius
231 2193 313 2250 licini,
325 2195 423 2242 adhibito
434 2197 464 2242 ad
473 2197 550 2258 epulas
559 2195 678 2258 Verginio.
695 2194 780 2256 Legati

107 2260 248 2321 tribunique,
274 2275 312 2316 ex,
325 2261 424 2307 moribus
445 2262 613 2322 imperatorum,
637 2262 779 2312 severitatem

108 2325 252 2379 aemulantur,
270 2324 307 2382 vel
319 2326 459 2387 tempestivis
470 2326 580 2378 conuiuiis
594 2325 707 2387 gaudent:
727 2341 779 2388 per·

107 2389 163 2442 inde
184 2390 250 2450 miles
267 2390 376 2448 intentus
398 2391 548 2454 autlicenter
564 2392 630 2452 ugit,
651 2390 720 2451 Apud
736 2390 780 2442 Vi,-

108 2454 197 2501 tellium
216 2455 292 2502 omnia
310 2455 447 2517 indisposita,
465 2456 597 2509 temulenta,
613 2455 736 2516 pervigiliis
754 2470 781 2503 ac

105 2517 295 2576 Bacchanalibus,
313 2535 380 2581 quam
397 2520 522 2581 disciplina
532 2527 556 2565 et
567 2520 654 2574 eastris,
670 2518 781 2579 propiora.

105 2583 185 2648 Igitur
196 2585 283 2643 duobus
294 2586 412 2640 militibus*
420 2585 492 2639 altero
499 2583 597 2646 legionis
607 2584 700 2642 quintae‚
711 2581 782 2625 altero

104 2648 217 2718 e,Gallis
236 2651 386 2712 auxiliaribus,
409 2665 450 2715 per
471 2646 782 2704 boroso‚.sd.eett¹m²¹¹

137 2727 192 2762 soa.
202 2729 240 2763 ιιι.
578 2722 588 2754 ¹
