1834 2900
162 455 177 530 g
272 426 733 504 C.00RNEL11TACIT1

201 637 777 722 HISTORIARUM

348 862 453 912 LIBER
470 861 662 912 SECUNDUS·

173 1218 198 1267 U
210 1217 238 1267 Q
246 1223 292 1267 323
365 1189 385 1236 Ι.
397 1190 523 1238 Susunnau
528 1191 577 1253 Jsm
588 1188 694 1243 Fortuna,
710 1189 735 1234 iu
746 1185 834 1234 diversi

172 1285 189 1333 J
198 1254 227 1334 ‘c
245 1287 277 1332 70
294 1255 300 1268 '
331 1262 394 1316 purte
404 1262 521 1309 terrarum,
527 1255 591 1301 initia
600 1267 722 1312 causasque
731 1253 832 1314 imperio,

190 1320 196 1333 ‘
227 1317 234 1330 '
278 1319 284 1332 ⁹
332 1321 397 1379 quod,
409 1319 472 1366 varii
482 1327 549 1373 sorte,
564 1319 642 1366 laetum
651 1317 777 1379 reipublicae
793 1324 833 1363 aut

170 1389 242 1437 atrox,
259 1383 312 1444 ipsis
329 1385 465 1445 principibus
482 1399 619 1446 prosperum,
639 1390 678 1430 aut
695 1382 764 1428 exitio
781 1380 835 1429 fuit.

171 1446 238 1495 Titus
249 1445 400 1509 Vespasianus
416 1448 526 1503 eJudaet
542 1449 648 1496 incolumi
663 1448 735 1494 adhuc
753 1443 832 1501 Galba,

141 1555 145 1574 ,
169 1513 252 1558 missus
277 1528 290 1559 a
315 1520 384 1574 patre,
400 1529 489 1561 causam
506 1513 649 1576 profectionis
665 1512 763 1559 officium
779 1525 834 1573 erga

169 1577 450 1690 iiiiii‘mibm‘m
462 1580 567 1705 mni?
582 1578 833 1696 intumit

170 1708 266 1754 accitum
278 1707 301 1753 in
311 1644 452 1769 adoqitiiiiir
462 1725 468 1754 ι
487 1709 578 1755 materia
588 1656 832 1761 sirniontbuffium

171 1778 195 1818 et
210 1773 291 1818 orbitus
307 1772 418 1833 principis,
427 1779 450 1819 et
461 1772 630 1835 intemperantia
640 1772 743 1825 ciuitatis,
759 1771 832 1817 donec

171 1850 230 1883 unus
246 1837 348 1897 eligatur,
366 1836 448 1883 multos
464 1838 596 1885 destinandi.
628 1836 733 1899 Augebat
749 1834 831 1881 famum

169 1900 239 1961 ipsius
251 1898 298 1947 Titi
312 1901 434 1963 ingenium,
451 1910 636 1963 quantaecumque
646 1900 743 1948 sortunae
753 1914 830 1960 capax,

170 1964 237 2011 decor
253 1966 298 2012 onis
312 1981 364 2013 cum
374 1965 470 2026 quidam
481 1969 602 2030 maJestste,
618 1980 731 2028 prosperae
741 1963 829 2026 Vespa·

168 2030 225 2076 siani
233 2046 275 2085 res,
291 2046 393 2092 praesaga
404 2046 517 2093 responsa,
534 2038 563 2086 et,
579 2031 691 2078 inclinatis
700 2030 729 2077 sd
739 2028 831 2075 creden-

171 2094 223 2141 dum
235 2096 322 2154 animis,
338 2096 388 2143 loco
399 2098 499 2143 ominum
510 2097 578 2142 etism
588 2094 686 2142 fortuita.
720 2092 766 2140 Ubi
782 2090 829 2140 Co-

169 2159 245 2216 rinthi,
263 2160 357 2209 Achaiae
368 2160 428 2215 urbe,
440 2167 515 2207 certos
526 2161 616 2207 nuntios
627 2160 712 2221 accepit
721 2158 750 2205 de
759 2158 828 2203 inter·

168 2223 201 2269 itu
220 2224 306 2280 Guibae,
323 2232 347 2271 et
362 2224 459 2280 aderant,
477 2226 515 2285 qui
531 2240 593 2271 erma
603 2223 689 2271 Vitellii
704 2222 830 2283 bellumque

167 2287 309 2344 affirmarent,
326 2288 405 2335 anxius
422 2290 504 2344 animo,
521 2291 597 2351 paucis
613 2290 734 2335 amicorum
746 2286 829 2333 adhibi·
906 2303 907 2360 ]

166 2352 204 2407 tis,
213 2360 294 2398 cuncta
302 2353 412 2411 utrimque
419 2354 545 2415 perlustrat.
562 2353 586 2400 Si
593 2359 697 2415 pergeret
704 2353 727 2397 in
737 2350 828 2407 Urbem,

167 2415 251 2462 nullam
263 2415 329 2462 officii
340 2417 441 2477 gratiam,
458 2419 482 2464 in
498 2418 589 2465 ulterius
599 2420 706 2465 honorem
717 2416 827 2476 susceptis

167 2493 194 2525 nc
206 2494 230 2525 se
242 2478 340 2535 Vitellio,
358 2483 406 2527 sive
417 2482 509 2535 Othoni,
526 2483 624 2529 obsidem
640 2482 696 2528 fore.
728 2481 768 2529 Sin
779 2480 828 2526 red-
906 2485 907 2488 ’

167 2543 216 2596 iret,
242 2542 348 2591 offensam
366 2546 426 2593 haud
451 2547 540 2593 dubium
558 2546 664 2593 victoris:
688 2546 727 2592 sed
745 2542 830 2593 incerti

166 2606 238 2653 adhuc
249 2608 348 2665 victorii,
365 2616 388 2657 et
398 2611 536 2660 concedente
551 2610 575 2657 in
589 2618 665 2681 partes
674 2616 743 2675 patre,
759 2608 827 2657 filium
