1834 2900
18 140 23 147 -
98 119 128 160 ‘J.
136 118 162 159 c.
170 121 205 164 70.
223 112 471 164 HISTORIARUM
481 113 591 164 aunt
602 114 708 165 carm·
726 116 772 165 121

95 252 231 293 'tora‘mox
248 245 449 301 tertiadecimanos,
466 248 495 293 ad
509 247 668 294 nomadum
684 248 772 309 amphi-

106 313 220 358 theatrum
239 310 336 365 reliotoa,
360 319 385 357 ut
404 319 457 357 sunt
474 313 577 373 prooaoia
594 313 683 359 umauae
701 314 772 374 plebis

106 376 209 437 ingenia,
254 376 375 421 tulantibus
389 374 473 439 jurgiis
490 376 613 423 illuserant.
645 377 718 423 Auxit
736 379 772 423 in·

107 440 192 489 viditur
246 448 293 485 'um
309 440 355 486 illio
366 454 379 485 a
391 439 485 488 Cossini
498 441 646 501 gladiatorum
657 449 772 501 smtaou·
784 481 787 485 .

106 505 171 552 lum:
190 504 312 564 eademque
322 520 398 551 rursus
408 506 459 551 belli
471 506 550 551 sedas:
564 513 588 551 et
598 506 684 565 praebiti
692 507 715 551 in
726 508 774 553 soie

107 568 237 615 Vitellianis
248 569 303 616 cibi:
323 585 389 616 eaesae
406 571 509 630 quaedam
523 568 621 623 feminae,
637 570 711 615 studio
720 583 772 632 par·

106 634 164 679 tium
180 634 207 679 ad
222 634 326 695 proelium
336 650 472 696 progressae.
502 633 605 694 Tempus
614 648 704 693 quoque
714 650 773 680 mer·

107 698 178 751 cattis,
195 698 263 745 ditem
275 699 358 759 alioqui
370 699 487 753 coloniam,
499 699 608 760 majorum
620 712 688 759 opum
700 699 773 760 specie

105 764 239 825 complebat.
273 761 358 811 Caeteri
380 764 448 809 duces
469 764 493 809 in
515 764 622 810 obscuro:
648 762 773 809 Antonium

105 829 198 875 fortuna
208 826 314 887 suusque
324 828 423 875 omnium
435 828 506 875 oculis
516 834 658 889 exposuerat.
691 826 716 873 Is
726 828 773 874 bal·

106 908 168 946 neas,
184 892 295 938 abluendo
314 894 393 948 cruori,
410 908 504 955 propere
521 894 590 953 petit:
616 898 710 953 arrepta
728 904 775 939 vox

108 966 151 1013 est,
168 972 220 1003 oum
237 962 337 1018 teporem
352 958 471 1012 incusaret,
488 958 563 1003 statim
574 956 680 1011 futurum,
698 962 724 1002 ut
737 958 773 1003 in·

107 1023 252 1069 calescereot.
278 1019 371 1069 Vamile
379 1022 463 1068 dictum
471 1037 561 1069 omnem
571 1022 677 1068 iovidIam
689 1022 712 1068 in
720 1036 773 1069 eum

105 1088 183 1140 vertit,
201 1092 313 1147 tamquam
325 1087 415 1149 signum
433 1087 578 1135 incendendae
594 1084 717 1135 Cremonae
731 1087 772 1134 de·

107 1152 184 1204 disset,
201 1151 306 1213 quaejam
317 1149 433 1213 flagrabat

141 1212 268 1261 XXXIII.
280 1214 435 1278 Quadraginta
445 1224 580 1264 armatorum
590 1217 660 1263 millia
667 1214 772 1279 irrupisse,

105 1281 211 1329 monum
221 1280 363 1341 lixarumque
373 1282 468 1343 amplior
473 1296 587 1335 numento,
598 1288 622 1327 et
629 1282 773 1327 iolibidiuam

106 1362 134 1393 ao
145 1345 256 1392 saevidam
264 1346 396 1406 corruptior.
419 1344 474 1393 Non
485 1346 589 1407 dignitas,
601 1360 647 1392 uon
658 1352 712 1391 aetas
720 1360 772 1406 pro·

106 1411 205 1474 tegebat,
222 1425 266 1471 quo
284 1410 358 1457 minus
377 1418 453 1472 stupra
472 1411 576 1466 caedibus,
592 1410 666 1458 cades
684 1411 773 1472 stupris,

57 1499 59 1503 ·
105 1477 264 1523 miscerentur.
285 1475 437 1523 ¹Grattdtevos
451 1491 523 1530 mnes
540 1473 620 1522 mett
630 1481 697 1522 astate
706 1474 773 1522 semi·

109 1555 160 1592 nas,
176 1539 233 1586 viles
244 1539 273 1585 ad
283 1540 387 1602 praedam,
402 1542 427 1587 in
437 1540 556 1587 ludibrium
571 1541 694 1587 trabebant.
727 1537 774 1586 Ubi

106 1603 186 1653 adulta
195 1604 268 1665 virgo,
285 1612 323 1651 aut
339 1607 388 1665 quia
405 1603 478 1652 formd
494 1605 636 1666 canopicum,
653 1605 773 1660 incidisset,

105 1670 131 1716 vi
146 1669 294 1729 manibusque
309 1670 440 1731 rapientium
457 1670 566 1725 divulsus,
582 1669 643 1730 ipsos
658 1676 773 1729 postrem

108 1736 233 1796 direptores
248 1734 272 1780 in
286 1741 386 1783 mutuam
396 1734 517 1798 perniciem
529 1734 622 1796 agebat:
641 1733 694 1778 dum
705 1747 774 1795 peou·

11 1835 15 1840 .
108 1799 177 1852 niam,
192 1798 320 1860 valgravis
329 1814 384 1846 auro
395 1799 529 1860 templorum
540 1799 605 1853 dooa,
622 1798 663 1844 sibi
681 1799 774 1860 quisque

108 1864 207 1918 trahunt,
224 1865 309 1926 maJore
319 1863 412 1912 aliorum
430 1864 453 1910 vi
470 1864 635 1910 truncabantur.
668 1862 774 1917 Quidam,

108 1927 176 1974 obvia
185 1928 317 1989 adspernati,
330 1929 455 1976 verberibus
464 1929 625 1988 tormentisque
632 1928 773 1975 dominorum

107 1991 183 2039 abdita
194 1994 294 2047 scrumri,
304 1992 494 2040 'defossseruere
526 1991 598 2039 Faces
615 1993 638 2037 iu
655 1991 771 2038 manibus:

107 2071 165 2119 quas
181 2057 218 2103 ubi
236 2057 336 2118 praedam
355 2064 491 2120 egesserant,
507 2057 531 2102 in
543 2071 634 2102 saeuas
652 2056 731 2101 domos
750 2062 774 2101 et

106 2121 185 2169 luania
200 2122 284 2183 templa
293 2137 333 2182 per
343 2122 457 2169 lasciviam
465 2122 633 2183 Jaculabantar:
654 2126 723 2180 utque
733 2133 774 2166 ex·

107 2187 267 2240 aroitu,·rario
285 2185 377 2248 linguis,
393 2187 499 2240 m'oribus,
516 2186 552 2232 cui
569 2186 636 2239 cives,
654 2185 715 2238 socii,
731 2199 773 2230 ex·

106 2251 167 2298 tami
184 2251 325 2305 interessent,
341 2251 436 2298 diversae
453 2251 574 2312 cupidines,
590 2257 615 2296 et
624 2249 684 2296 aliud
694 2250 775 2311 cuique

104 2314 149 2372 sas,
167 2329 210 2361 uec
226 2315 474 2376 quidquam-illicitum.
506 2315 553 2361 Per
562 2314 704 2374 quatriduum
715 2312 773 2362 Cre·

104 2379 281 2426 monssuffecit.
315 2379 374 2428 Cum
387 2382 533 2428 omniasacra
541 2379 678 2442 profanaque
688 2379 774 2439 inigne

104 2444 257 2498 considerant,
282 2445 355 2491 solum
377 2445 487 2508 Mephitis
499 2444 616 2506 ‘templum
638 2445 700 2488 stetit
722 2449 774 2488 aute

105 2509 201 2561 moeuia,
217 2509 275 2564 loco,
293 2525 332 2556 seu
343 2511 436 2569 numipe
445 2508 571 2555 defensum.

121 2563 777 2622 XXXIV.·HicexitusCresuoomauooCCLXXXVI.

40 2673 43 2682 ,
102 2653 119 2686 a
126 2637 250 2700 primordio
261 2640 303 2688 sai·
324 2637 483 2689 constituerat
494 2635 531 2683 Ti.
544 2634 676 2695 Sempronio
685 2636 708 2674 et
717 2626 776 2673 cor»

137 2715 193 2750 sot..
204 2715 242 2752 ut.
511 2731 516 2741 ·
562 2710 584 2740 Μ
