1834 2900
85 130 107 169 1,
116 129 179 175 ctro.
204 122 453 175 HISTORIARUM
461 118 670 174 lanterna.
711 124 759 171 ros

87 253 758 383 ..&autistitiffiit’iittt‘itt

86 386 208 440 emollitos,
220 395 259 433 aut
269 386 433 433 valetudinibus
442 383 524 431 sessos.
556 384 608 439 Sed,
619 384 695 431 addito
705 398 756 445 spa·

86 452 129 505 tio,
146 451 270 497 rediturum
287 460 310 497 et
328 452 363 497 his
379 451 446 497 robsrr
459 448 687 495 menumaemut-
704 444 765 495 Nee·

87 515 168 577 procul
188 515 340 570 Germaniam,
364 515 424 561 unde
442 515 516 560 vires:
538 512 680 559 Britanniam
697 512 758 560 freto

87 580 176 627 dirinai:
191 581 258 641 juxta
269 580 356 628 Gallias
367 578 549 639 Hispaniasque3
566 578 679 638 utrimque
688 578 756 633 viros,

87 658 166 705 equos,
183 645 278 691 tributas
298 646 413 705 ipsamque
420 641 509 689 Italiam
520 650 544 688 et
552 656 609 703 opes
622 641 704 688 Urbis:
723 657 757 696 ae,

87 710 107 755 si
116 708 200 755 inferre
209 724 273 755 amm
284 709 344 756 ultro
355 709 433 763 velint,
449 708 505 754 duas
515 706 605 760 cursen,
617 722 759 767 vacuumque

88 772 206 835 Illyricum
217 788 287 820 mare.
321 772 383 827 Quid
398 780 447 819 tuni
465 772 562 818 claustra
578 771 688 817 montium
703 786 756 833 pro·

86 837 180 885 futuru?
192 839 246 899 quid
256 844 353 885 tractum
364 838 387 883 in
397 843 498 882 aestatem
510 836 576 882 aliam
584 836 685 883 bellurn?
697 836 758 883 unde

88 904 179 950 interim
196 904 316 965 pecuniam
333 910 356 948 et
371 901 525 948 commeatus?
558 901 622 955 Qnin
639 902 715 963 potius
727 916 756 947 en

87 969 281 1045 ipsouuterentuq,
298 967 358 1027 quod
377 965 515 1041 Pannoniae
530 966 639 1029 legiones,
656 967 757 1029 deceptae

88 1032 756 1157 ffiifflfifflsst‘ttitfflti

88 1176 168 1208 merus
177 1162 273 1208 miiitum
283 1162 364 1223 potius,
381 1174 447 1220 quam
458 1160 581 1221 legionum,
596 1168 693 1222 putetur,
705 1162 756 1224 pius

89 1228 145 1273 hine
156 1227 246 1281 roboris,
264 1226 320 1272 nihil
329 1225 458 1272 libidinum:
478 1231 502 1271 et
512 1225 623 1286 profuisse
632 1226 756 1288 discipliuae

90 1293 165 1354 ipsum
173 1292 297 1353 pudorem
329 1289 426 1351 Equites
441 1304 497 1336 vero
507 1297 596 1336 netum
606 1290 696 1350 quidem
707 1292 763 1337 νῆε-Ι

90 1362 142 1413 tos;
160 1357 206 1412 sed,
223 1368 358 1418 quamquam
377 1355 442 1401 rebus
459 1355 565 1408 adversis,
581 1354 696 1416 disjectam
714 1354 758 1401 Vi·

90 1421 147 1470 tellii
158 1422 236 1470 aciem.
268 1420 331 1468 Duae
347 1428 401 1468 tuno
412 1418 589 1467 Pannonioeso
599 1418 706 1468 Moesioae
716 1421 759 1469 alas

90 1484 214 1549 perrupere
233 1487 336 1533 hostem:
364 1500 424 1532 nuno
446 1483 510 1531 xvl
531 1485 618 1531 alarum
638 1488 760 1549 conjuncta

91 1547 673 1677 titittt1tti²3ttiuiiiffi⁰ttttt
680 1567 761 1664 miii

93 1682 146 1742 quis
156 1681 244 1736 retinet,
255 1681 314 1727 idem
325 1696 403 1728 suasor
412 1686 536 1740 auctorque
545 1678 688 1726 eonsiliiero.
703 1679 762 1737 Vos,

96 1746 177 1807 quibus
194 1746 286 1794 fortuna
302 1746 326 1790 in
344 1746 434 1807 integro
445 1751 495 1799 est,
510 1744 613 1806 legiones
627 1746 760 1794 eontinete:

71 1837 73 1840 ·
98 1811 155 1858 mihi
172 1811 282 1874 expeditae
300 1810 403 1856 cohortes
422 1809 552 1856 sufficient..
570 1807 624 1858 Jam
639 1818 762 1860 reseratam

98 1873 197 1929 Italiam,
212 1875 318 1937 impsum
328 1873 415 1920 Vitellii
425 1889 462 1921 res
472 1874 581 1923 audietis:
593 1876 685 1939 jurabit
691 1880 764 1939 sequi,

98 1947 124 1988 et
133 1941 236 2002 vestigiis
246 1940 357 1987 vinoentis
366 1938 494 1986 insistere.”

104 2033 112 2040 -
130 2003 182 2052 111.
198 2003 258 2052 Haeo
269 2012 337 2065 atque
347 2005 408 2061 talia,
424 2003 523 2066 flagrans
536 2005 615 2058 oculis,
631 2007 690 2053 truci
700 2019 765 2063 vose,

95 2086 143 2132 quo
153 2070 220 2118 istius
230 2070 349 2123 audiretur,
368 2069 463 2132 (etenim
479 2084 504 2114 se
520 2070 664 2116 centuriones
678 2078 703 2117 et
712 2071 765 2131 qui·

96 2137 150 2183 dam
160 2135 257 2181 miiitum
269 2134 362 2182 oonsilio
372 2131 520 2192 miscuerant)
532 2133 564 2179 ita
573 2132 658 2189 effudit,
674 2142 701 2181 ut
711 2151 765 2184 eeu·

97 2208 134 2250 tos
142 2215 231 2260 quoque
241 2215 268 2246 ae
278 2199 384 2261 providos
394 2204 542 2260 permoveret,
550 2197 634 2260 vulgisi
644 2207 669 2246 et
679 2203 765 2259 ceteri,

97 2279 169 2312 unum
180 2265 255 2311 virum
267 2264 398 2324 ducemque,
407 2260 481 2324 spreti
491 2263 585 2310 uionnn
596 2263 701 2326 segnitia,
715 2267 765 2313 ιω.

96 2331 162 2378 dibus
178 2327 271 2376 ferrent.
303 2327 372 2375 Hanc
390 2327 424 2373 sui
438 2326 520 2375 famam
531 2325 559 2374 ei
569 2329 645 2376 statim
656 2332 767 2378 noncione

96 2401 258 2447 oommoverat,
275 2390 325 2454 qui,
338 2392 436 2439 recitatis
448 2391 581 2453 Vespasiani
592 2394 700 2454 epistolis,
710 2410 765 2451 non,

96 2467 123 2507 nt
134 2459 242 2520 plerique,
257 2459 343 2504 incerta
356 2457 466 2512 disseruit,
483 2458 528 2503 huo
537 2457 592 2503 illue
601 2465 714 2504 tracturus
729 2461 767 2504 in·
816 2465 826 2497 f

95 2523 264 2586 terpretstione,
280 2530 348 2584 prout
363 2521 522 2578 conduxisset3
538 2527 615 2581 aperte
625 2520 769 2568 demum
838 2540 840 2547 ·

94 2590 120 2636 in
134 2602 228 2636 oausam
245 2587 376 2634 videbatur:
394 2600 468 2647 eoque
484 2585 570 2648 gratior
585 2584 694 2632 militibus
711 2589 768 2637 erat,

98 2653 173 2717 eulpae
183 2653 222 2702 vel
231 2651 315 2717 glorie
324 2651 405 2700 unius
