1834 2900
112 133 206 181 acmo.
223 126 704 184 'HISTORIARUMImILca'nrst
739 139 783 185 'to

117 261 212 310 Caecina
223 259 358 310 Marcellum
368 261 471 327 Eprium,
482 272 508 312 ut
516 266 620 329 ambigna
628 266 788 320 disserentem,

115 329 207 374 invasit.
241 328 291 374 Nec
310 331 385 388 caeteri
403 331 525 377 sententias
536 332 685 392 operiebantz·
696 333 783 379 sedin·

115 394 191 438 visum
210 392 317 438 memorii
334 394 478 450 delationum,
494 397 665 457 expositumque
681 398 709 444 ad
723 397 783 442 inri-

116 457 185 508 diam,
198 455 300 503 Marcelli
311 473 393 504 nomen
403 461 530 508 irritaverat
541 459 663 514 Caecinam,
675 469 700 507 ut
710 476 783 508 novus

117 519 197 574 adbuc,
215 529 238 567 et
254 522 276 567 in
287 525 388 569 senatum
400 530 471 586 nuper
486 525 591 579 adscitus,
608 526 697 587 magnis
706 527 782 572 inimi·

83 601 86 606 ¹
118 585 178 631 citiis
194 586 332 632 clucesceret
366 587 526 635 Moderatione
543 589 662 636 meliorum
678 590 780 637 diremti:

117 655 141 696 et
152 647 237 697 rediere
248 663 326 699 omnes
337 651 472 707 Bononiam,
489 655 732 700 rursusrconsttiaturi:
748 655 784 700 'si-

59 748 63 753 -
116 714 171 768 mul,
180 715 254 762 medio
265 717 379 778 temporis,
390 718 466 779 plures
476 718 549 763 nuntii
560 718 711 780 sperabantur.
734 718 783 765 Bo·

116 781 199 833 noniae,
217 780 294 827 diuisis
309 795 348 841 per
363 783 449 836 itinera,
467 783 505 842 qui
516 783 694 829 recentissimum
704 796 784 842 quem·

83 855 86 860 ’
116 857 161 906 que
183 853 373 905 percontarentur,
398 846 550 908 interrogatur
571 847 670 894 Othonis
692 847 785 896 libertus

116 923 207 956 oausam
224 909 345 971 digressus,
362 911 443 958 babere
458 927 483 957 se
497 926 601 973 suprema
617 914 665 974 ejus
680 913 785 960 mandata

117 974 246 1036 rospondit:
260 975 333 1036 ipsum
344 976 458 1022 visentem
468 976 557 1037 quidem
569 977 676 1035 relictum,
686 977 726 1023 md
736 977 785 1024 sold

115 1039 254 1100 posteritatis
264 1037 324 1093 curri,
332 1047 356 1086 st
366 1041 465 1102 abruptis
475 1042 529 1087 ritae
539 1042 701 1088 blsndimentis.
719 1041 784 1089 Hinc

117 1103 341 1165 admiratio‚etplura
349 1105 503 1168 interrogandi
510 1107 595 1167 pudor:
608 1113 675 1168 saque
683 1107 783 1154 omnium

118 1168 188 1214 animi
199 1169 221 1213 in
233 1167 350 1215 Vitellium
360 1168 504 1217 inclinavisse.

57 1225 64 1236 '
152 1231 218 1279 L'IV.
236 1231 347 1280 Intererat
363 1235 464 1281 consiliis
480 1235 550 1283 irater
566 1237 615 1298 eJus
632 1235 782 1292 LVitellius,

117 1311 187 1357 seque
193 1298 241 1359 jam
250 1299 390 1346 adulantibus
400 1299 513 1354 offerebat,
525 1315 576 1347 cum
588 1309 680 1362 repente
688 1299 783 1357 coenus,

116 1361 210 1408 libertus
226 1361 332 1418 Neronis,
350 1365 418 1410 atroci
430 1366 547 1412 mendacio
556 1366 672 1412 universos
682 1365 784 1428 percolit,

117 1425 239 1483 affirmans,
255 1427 391 1491 superventu
404 1428 467 1477 XIV
478 1430 582 1493 legionis,
594 1431 680 1494 junctis
691 1445 705 1479 s
715 1429 784 1477 Brix-

117 1492 164 1538 ello
180 1494 357 1547 viribusroaesos
374 1496 480 1553 victores,
496 1511 584 1543 versam
600 1497 697 1558 partium
711 1495 785 1542 sortu-

119 1570 181 1603 nsm.
214 1555 288 1606 Causa
308 1558 408 1622 fingendi
429 1558 480 1615 suit,
496 1568 522 1606 ut
542 1561 663 1622 diplomata
680 1560 786 1616 Othonis,

118 1622 785 1751 mtrttmtntinmntpttt
816 1703 819 1708 ,

118 1750 167 1798 dies
175 1752 242 1812 jussu
254 1752 339 1799 Vitellii
350 1768 428 1815 poenas
436 1754 485 1800 luit
519 1755 653 1802 Senatorum
662 1754 786 1817 periculum

117 1825 216 1870 suctum,
233 1819 373 1865 credentibus
391 1819 530 1866 Othonianis·
540 1820 648 1866 militibus
663 1835 717 1867 vers
726 1836 786 1879 esse,

118 1896 170 1941 qnae
181 1881 347 1929 afferebamus·
367 1882 501 1931 Intende-bat
509 1884 660 1941 formidinem,
670 1885 731 1947 quod
741 1901 785 1948 pu·

117 1946 170 1992 blici
182 1948 268 1993 consilii
278 1946 335 1994 facie
346 1948 469 1995 discessum
477 1948 576 2003 Mutinir,
583 1950 723 2011 desertasque
732 1966 785 2013 pnr-

116 2018 153 2057 tes
168 2010 250 2059 forent.
284 2012 334 2059 Nec
353 2014 451 2061 ultrs'in
469 2030 589 2061 commune
605 2015 728 2076 congressi,
745 2016 787 2061 sibi

115 2076 212 2137 quisque
221 2076 375 2135 ¹consuluere5
392 2079 465 2126 donee
479 2080 556 2125 missae
572 2093 586 2124 a
602 2078 672 2125 Fabio
683 2076 794 2141 ⁴Valente¹

115 2141 221 2203 epistolae
238 2142 355 2189 demerent
370 2152 464 2191 metum.
495 2143 530 2190 Et
545 2158 608 2190 mors
618 2143 723 2198 Othonis,
740 2148 785 2204 quo

115 2204 254 2262 laudabilior,
271 2224 299 2255 eo
310 2208 409 2256 velocius
419 2210 502 2256 audita.

150 2268 207 2317 LV,
221 2272 260 2319 At·
272 2271 356 2320 Romae
370 2274 426 2319 nihil
436 2273 602 2336 trepidationis:
614 2271 730 2321 'Cereales
739 2273 787 2321 ludi

82 2342 95 2363 “·
115 2350 147 2383 ex
158 2350 223 2383 more
234 2339 396 2399 spectabantur.
419 2338 454 2386 Ut
465 2340 560 2385 cessisse
568 2337 617 2385 riti
624 2338 747 2391 Othonem,
764 2345 789 2385 et

112 2400 132 2448 's
143 2400 224 2447 Flavio
237 2403 326 2458 Sabino,
343 2404 538 2465 praeiectoUrbis,
555 2404 615 2465 quod
629 2404 711 2450 eratin
724 2402 788 2450 Urbe

100 2466 215 2513 “militurn
227 2476 368 2515 sacramento
379 2468 467 2515 Vitellii
485 2469 597 2523 adactum,
613 2469 789 2515 oerti'suotores

115 2530 141 2578 i'n
162 2532 274 2579 theutrum
293 2534 424 2587 attulerunt,
441 2532 536 2579 Wteiiio
554 2530 673 2595 plausdoez
692 2530 789 2591 populus

114 2612 168 2643 cum
180 2596 243 2643 lauru
255 2614 282 2645 nc
293 2597 386 2645 floribus
397 2599 479 2645 Gnlbae
489 2599 601 2659 imagines
611 2598 696 2643 circum
708 2591 791 2649 teml’h'

109 2661 311 2729 srdiuscongsstis
326 2660 665 2716 innodes-tumulosum
671 2659 745 2735 jum
754 2652 788 2699 ¹²*
