<?xml version="1.0" encoding="UTF-8"?>
<!DOCTYPE html PUBLIC "-//W3C//DTD XHTML 1.0 Transitional//EN"
    "http://www.w3.org/TR/xhtml1/DTD/xhtml1-transitional.dtd">
<html xmlns="http://www.w3.org/1999/xhtml" xml:lang="en" lang="en">
 <head>
  <title>
</title>
<meta http-equiv="Content-Type" content="text/html;charset=utf-8" />
  <meta name='ocr-system' content='tesseract 3.04.00' />
  <meta name='ocr-capabilities' content='ocr_page ocr_carea ocr_par ocr_line ocrx_word'/>
</head>
<body>
  <div class='ocr_page' id='page_1' title='image "./opera02obergoog_0133.png"; bbox 0 0 1834 2900; ppageno 0'>
   <div class='ocr_carea' id='block_1_1' title="bbox 88 142 787 200">
    <p class='ocr_par' dir='ltr' id='par_1_1' title="bbox 88 142 787 200">
     <span class='ocr_line' id='line_1_1' title="bbox 88 142 787 200; baseline 0.009 -7"><span class='ocrx_word' id='word_1_1' title='bbox 88 150 90 153; x_wconf 87' lang='lat'>·</span> <span class='ocrx_word' id='word_1_2' title='bbox 114 151 210 200; x_wconf 59' lang='lat' dir='ltr'><strong>acmo.</strong></span> <span class='ocrx_word' id='word_1_3' title='bbox 227 147 477 200; x_wconf 74' lang='lat' dir='ltr'><strong>HISTORIARUM</strong></span> <span class='ocrx_word' id='word_1_4' title='bbox 488 142 597 198; x_wconf 70' lang='lat' dir='ltr'><strong>Iram.</strong></span> <span class='ocrx_word' id='word_1_5' title='bbox 609 148 718 199; x_wconf 68' lang='lat' dir='ltr'><strong>crasa</strong></span> <span class='ocrx_word' id='word_1_6' title='bbox 736 152 787 199; x_wconf 73' lang='lat' dir='ltr'><strong>las</strong></span> 
     </span>
    </p>
   </div>
   <div class='ocr_carea' id='block_1_2' title="bbox 54 277 780 2220">
    <p class='ocr_par' dir='ltr' id='par_1_2' title="bbox 54 277 780 2220">
     <span class='ocr_line' id='line_1_2' title="bbox 114 277 779 399; baseline 0.002 -72"><span class='ocrx_word' id='word_1_7' title='bbox 114 282 176 395; x_wconf 72' lang='lat' dir='ltr'><strong>scirnis</strong></span> <span class='ocrx_word' id='word_1_8' title='bbox 183 296 224 343; x_wconf 91' lang='lat' dir='ltr'><strong>per</strong></span> <span class='ocrx_word' id='word_1_9' title='bbox 232 282 331 329; x_wconf 85' lang='lat' dir='ltr'><strong>occultos</strong></span> <span class='ocrx_word' id='word_1_10' title='bbox 339 277 648 399; x_wconf 43' lang='lat' dir='ltr'><strong>‘&#39;mise&#39;&#39;ffiffliffi?</strong></span> <span class='ocrx_word' id='word_1_11' title='bbox 657 279 779 358; x_wconf 69' lang='lat' dir='ltr'><strong>Hostiliam</strong></span> 
     </span>
     <span class='ocr_line' id='line_1_3' title="bbox 137 355 780 394; baseline 0.003 -2"><span class='ocrx_word' id='word_1_12' title='bbox 137 360 283 393; x_wconf 85' lang='lat' dir='ltr'><strong>nemonamve</strong></span> <span class='ocrx_word' id='word_1_13' title='bbox 333 362 343 393; x_wconf 88' lang='lat' dir='ltr'><strong>r</strong></span> <span class='ocrx_word' id='word_1_14' title='bbox 359 362 396 394; x_wconf 83' lang='lat' dir='ltr'><strong>ere</strong></span> <span class='ocrx_word' id='word_1_15' title='bbox 494 361 505 391; x_wconf 89' lang='lat' dir='ltr'><strong>s</strong></span> <span class='ocrx_word' id='word_1_16' title='bbox 550 360 563 391; x_wconf 87' lang='lat' dir='ltr'><strong>n</strong></span> <span class='ocrx_word' id='word_1_17' title='bbox 655 355 732 393; x_wconf 78' lang='lat' dir='ltr'><strong>accius</strong></span> <span class='ocrx_word' id='word_1_18' title='bbox 750 360 780 393; x_wconf 82' lang='lat' dir='ltr'><strong>ex</strong></span> 
     </span>
     <span class='ocr_line' id='line_1_4' title="bbox 114 361 780 473; baseline -0.006 -15"><span class='ocrx_word' id='word_1_19' title='bbox 114 410 181 458; x_wconf 84' lang='lat' dir='ltr'>Urbe</span> <span class='ocrx_word' id='word_1_20' title='bbox 194 363 448 472; x_wconf 62' lang='lat' dir='ltr'><strong>praetonispceoionibus</strong></span> <span class='ocrx_word' id='word_1_21' title='bbox 467 361 542 457; x_wconf 71' lang='lat' dir='ltr'><strong>velidi&gt;</strong></span> <span class='ocrx_word' id='word_1_22' title='bbox 551 422 619 456; x_wconf 83' lang='lat' dir='ltr'><strong>manu</strong></span> <span class='ocrx_word' id='word_1_23' title='bbox 629 422 780 473; x_wconf 78' lang='lat' dir='ltr'><strong>perrumpere,</strong></span> 
     </span>
     <span class='ocr_line' id='line_1_5' title="bbox 54 474 780 537; baseline 0.003 -16"><span class='ocrx_word' id='word_1_24' title='bbox 54 509 56 513; x_wconf 70' lang='lat'><strong>,</strong></span> <span class='ocrx_word' id='word_1_25' title='bbox 113 474 175 537; x_wconf 87' lang='lat' dir='ltr'><strong>Ipse,</strong></span> <span class='ocrx_word' id='word_1_26' title='bbox 191 476 264 523; x_wconf 87' lang='lat' dir='ltr'><strong>inutili</strong></span> <span class='ocrx_word' id='word_1_27' title='bbox 274 477 421 531; x_wconf 73' lang='lat' dir='ltr'><strong>cunctatione,</strong></span> <span class='ocrx_word' id='word_1_28' title='bbox 430 476 512 537; x_wconf 86' lang='lat' dir='ltr'><strong>agendi</strong></span> <span class='ocrx_word' id='word_1_29' title='bbox 519 481 621 536; x_wconf 87' lang='lat' dir='ltr'><strong>tempora</strong></span> <span class='ocrx_word' id='word_1_30' title='bbox 631 477 780 523; x_wconf 81' lang='lat' dir='ltr'><strong>conndtsndo</strong></span> 
     </span>
     <span class='ocr_line' id='line_1_6' title="bbox 114 540 778 601; baseline 0 -14"><span class='ocrx_word' id='word_1_31' title='bbox 114 540 251 587; x_wconf 82' lang='lat' dir='ltr'><strong>consumsit:</strong></span> <span class='ocrx_word' id='word_1_32' title='bbox 271 556 324 588; x_wconf 88' lang='lat' dir='ltr'><strong>mox</strong></span> <span class='ocrx_word' id='word_1_33' title='bbox 344 548 465 601; x_wconf 86' lang='lat' dir='ltr'><strong>utrumque</strong></span> <span class='ocrx_word' id='word_1_34' title='bbox 486 540 605 586; x_wconf 86' lang='lat' dir='ltr'><strong>consilium</strong></span> <span class='ocrx_word' id='word_1_35' title='bbox 627 540 778 599; x_wconf 80' lang='lat' dir='ltr'><strong>adspernatus,</strong></span> 
     </span>
     <span class='ocr_line' id='line_1_7' title="bbox 116 602 779 668; baseline 0.003 -18"><span class='ocrx_word' id='word_1_36' title='bbox 116 604 189 668; x_wconf 84' lang='lat' dir='ltr'><strong>(qudd</strong></span> <span class='ocrx_word' id='word_1_37' title='bbox 199 606 256 652; x_wconf 87' lang='lat' dir='ltr'><strong>inter</strong></span> <span class='ocrx_word' id='word_1_38' title='bbox 266 606 371 668; x_wconf 71' lang='lat' dir='ltr'><strong>ancipitia</strong></span> <span class='ocrx_word' id='word_1_39' title='bbox 380 606 526 653; x_wconf 88' lang='lat' dir='ltr'><strong>deterrimum</strong></span> <span class='ocrx_word' id='word_1_40' title='bbox 536 602 583 663; x_wconf 90' lang='lat' dir='ltr'><strong>est)</strong></span> <span class='ocrx_word' id='word_1_41' title='bbox 594 603 648 649; x_wconf 89' lang='lat' dir='ltr'><strong>dum</strong></span> <span class='ocrx_word' id='word_1_42' title='bbox 659 605 733 651; x_wconf 82' lang='lat' dir='ltr'><strong>media</strong></span> <span class='ocrx_word' id='word_1_43' title='bbox 743 620 779 652; x_wconf 86' lang='lat' dir='ltr'><strong>se·</strong></span> 
     </span>
     <span class='ocr_line' id='line_1_8' title="bbox 112 668 618 731; baseline -0.002 -16"><span class='ocrx_word' id='word_1_44' title='bbox 112 670 193 731; x_wconf 87' lang='lat' dir='ltr'><strong>quitur,</strong></span> <span class='ocrx_word' id='word_1_45' title='bbox 206 686 247 717; x_wconf 87' lang='lat' dir='ltr'><strong>nec</strong></span> <span class='ocrx_word' id='word_1_46' title='bbox 258 686 326 718; x_wconf 82' lang='lat' dir='ltr'><strong>ausus</strong></span> <span class='ocrx_word' id='word_1_47' title='bbox 337 678 372 717; x_wconf 87' lang='lat' dir='ltr'><strong>est</strong></span> <span class='ocrx_word' id='word_1_48' title='bbox 383 672 442 725; x_wconf 82' lang='lat' dir='ltr'><strong>satis,</strong></span> <span class='ocrx_word' id='word_1_49' title='bbox 459 685 502 717; x_wconf 88' lang='lat' dir='ltr'><strong>noc</strong></span> <span class='ocrx_word' id='word_1_50' title='bbox 512 668 618 731; x_wconf 85' lang='lat' dir='ltr'><strong>providit.</strong></span> 
     </span>
     <span class='ocr_line' id='line_1_9' title="bbox 113 732 778 795; baseline 0.002 -16"><span class='ocrx_word' id='word_1_51' title='bbox 113 741 118 765; x_wconf 88' lang='grc'><strong>-’</strong></span> <span class='ocrx_word' id='word_1_52' title='bbox 145 732 215 783; x_wconf 84' lang='lat' dir='ltr'><strong>XLI.</strong></span> <span class='ocrx_word' id='word_1_53' title='bbox 232 735 312 782; x_wconf 84' lang='lat' dir='ltr'><strong>Missis</strong></span> <span class='ocrx_word' id='word_1_54' title='bbox 323 736 350 781; x_wconf 93' lang='lat' dir='ltr'><strong>ad</strong></span> <span class='ocrx_word' id='word_1_55' title='bbox 362 734 480 782; x_wconf 82' lang='lat' dir='ltr'><strong>Vitellium</strong></span> <span class='ocrx_word' id='word_1_56' title='bbox 490 735 567 787; x_wconf 86' lang='lat' dir='ltr'><strong>literis,</strong></span> <span class='ocrx_word' id='word_1_57' title='bbox 584 733 691 779; x_wconf 74' lang='lat' dir='ltr'><strong>auxilium</strong></span> <span class='ocrx_word' id='word_1_58' title='bbox 699 741 778 795; x_wconf 86' lang='lat' dir='ltr'><strong>postu·</strong></span> 
     </span>
     <span class='ocr_line' id='line_1_10' title="bbox 111 794 776 858; baseline -0.005 -12"><span class='ocrx_word' id='word_1_59' title='bbox 111 798 151 846; x_wconf 78' lang='lat' dir='ltr'><strong>lat.</strong></span> <span class='ocrx_word' id='word_1_60' title='bbox 168 798 260 847; x_wconf 64' lang='lat' dir='ltr'><strong>Venire</strong></span> <span class='ocrx_word' id='word_1_61' title='bbox 270 808 317 847; x_wconf 91' lang='lat' dir='ltr'><strong>tres</strong></span> <span class='ocrx_word' id='word_1_62' title='bbox 328 801 431 847; x_wconf 78' lang='lat' dir='ltr'><strong>cohortes</strong></span> <span class='ocrx_word' id='word_1_63' title='bbox 442 814 493 846; x_wconf 90' lang='lat' dir='ltr'><strong>cum</strong></span> <span class='ocrx_word' id='word_1_64' title='bbox 502 797 537 845; x_wconf 77' lang='lat' dir='ltr'><strong>alt</strong></span> <span class='ocrx_word' id='word_1_65' title='bbox 547 794 692 854; x_wconf 68' lang='lat' dir='ltr'><strong>Britannicisg</strong></span> <span class='ocrx_word' id='word_1_66' title='bbox 704 812 776 858; x_wconf 86' lang='lat' dir='ltr'><strong>neque</strong></span> 
     </span>
     <span class='ocr_line' id='line_1_11' title="bbox 111 862 778 927; baseline -0.004 -14"><span class='ocrx_word' id='word_1_67' title='bbox 111 864 140 913; x_wconf 75' lang='lat' dir='ltr'><strong>bd</strong></span> <span class='ocrx_word' id='word_1_68' title='bbox 150 862 272 911; x_wconf 80' lang='lat' dir='ltr'><strong>fallendum</strong></span> <span class='ocrx_word' id='word_1_69' title='bbox 283 872 347 927; x_wconf 85' lang='lat' dir='ltr'><strong>aptus</strong></span> <span class='ocrx_word' id='word_1_70' title='bbox 358 880 471 918; x_wconf 87' lang='lat' dir='ltr'><strong>numerus,</strong></span> <span class='ocrx_word' id='word_1_71' title='bbox 488 864 598 925; x_wconf 87' lang='lat' dir='ltr'><strong>nequead</strong></span> <span class='ocrx_word' id='word_1_72' title='bbox 609 862 778 925; x_wconf 80' lang='lat' dir='ltr'><strong>penetrandum.</strong></span> 
     </span>
     <span class='ocr_line' id='line_1_12' title="bbox 112 926 779 989; baseline -0.003 -12"><span class='ocrx_word' id='word_1_73' title='bbox 112 929 159 977; x_wconf 79' lang='lat' dir='ltr'><strong>Sed</strong></span> <span class='ocrx_word' id='word_1_74' title='bbox 175 928 262 977; x_wconf 84' lang='lat' dir='ltr'><strong>Vslens</strong></span> <span class='ocrx_word' id='word_1_75' title='bbox 278 945 307 976; x_wconf 87' lang='lat' dir='ltr'><strong>ne</strong></span> <span class='ocrx_word' id='word_1_76' title='bbox 323 930 346 975; x_wconf 93' lang='lat' dir='ltr'><strong>in</strong></span> <span class='ocrx_word' id='word_1_77' title='bbox 363 938 426 977; x_wconf 87' lang='lat' dir='ltr'><strong>tanto</strong></span> <span class='ocrx_word' id='word_1_78' title='bbox 442 929 532 989; x_wconf 85' lang='lat' dir='ltr'><strong>quidem</strong></span> <span class='ocrx_word' id='word_1_79' title='bbox 549 928 677 975; x_wconf 69' lang='lat' dir='ltr'><strong>discrimine</strong></span> <span class='ocrx_word' id='word_1_80' title='bbox 687 926 779 975; x_wconf 75' lang='lat' dir='ltr'><strong>intamlt</strong></span> 
     </span>
     <span class='ocr_line' id='line_1_13' title="bbox 111 992 777 1057; baseline -0.003 -17"><span class='ocrx_word' id='word_1_81' title='bbox 111 994 191 1049; x_wconf 86' lang='lat' dir='ltr'><strong>caruit,</strong></span> <span class='ocrx_word' id='word_1_82' title='bbox 209 996 338 1055; x_wconf 89' lang='lat' dir='ltr'><strong>quominus</strong></span> <span class='ocrx_word' id='word_1_83' title='bbox 352 1010 428 1057; x_wconf 86' lang='lat' dir='ltr'><strong>rapere</strong></span> <span class='ocrx_word' id='word_1_84' title='bbox 440 994 531 1041; x_wconf 72' lang='lat' dir='ltr'><strong>illicitus</strong></span> <span class='ocrx_word' id='word_1_85' title='bbox 540 993 673 1056; x_wconf 79' lang='lat' dir='ltr'><strong>voluptates,</strong></span> <span class='ocrx_word' id='word_1_86' title='bbox 690 992 777 1042; x_wconf 76' lang='lat' dir='ltr'><strong>edulce-</strong></span> 
     </span>
     <span class='ocr_line' id='line_1_14' title="bbox 112 1057 777 1122; baseline 0 -17"><span class='ocrx_word' id='word_1_87' title='bbox 112 1059 197 1119; x_wconf 85' lang='lat' dir='ltr'><strong>riisque</strong></span> <span class='ocrx_word' id='word_1_88' title='bbox 207 1074 234 1105; x_wconf 90' lang='lat' dir='ltr'><strong>ac</strong></span> <span class='ocrx_word' id='word_1_89' title='bbox 245 1060 326 1122; x_wconf 84' lang='lat' dir='ltr'><strong>stupris</strong></span> <span class='ocrx_word' id='word_1_90' title='bbox 336 1060 437 1121; x_wconf 87' lang='lat' dir='ltr'><strong>polluere</strong></span> <span class='ocrx_word' id='word_1_91' title='bbox 447 1060 560 1120; x_wconf 86' lang='lat' dir='ltr'><strong>hospitum</strong></span> <span class='ocrx_word' id='word_1_92' title='bbox 573 1058 661 1115; x_wconf 87' lang='lat' dir='ltr'><strong>domus,</strong></span> <span class='ocrx_word' id='word_1_93' title='bbox 674 1057 777 1105; x_wconf 82' lang='lat' dir='ltr'><strong>credere·</strong></span> 
     </span>
     <span class='ocr_line' id='line_1_15' title="bbox 111 1123 776 1185; baseline 0.002 -16"><span class='ocrx_word' id='word_1_94' title='bbox 111 1129 164 1170; x_wconf 83' lang='lat' dir='ltr'><strong>tur:</strong></span> <span class='ocrx_word' id='word_1_95' title='bbox 178 1124 268 1171; x_wconf 72' lang='lat' dir='ltr'><strong>sdmsnt</strong></span> <span class='ocrx_word' id='word_1_96' title='bbox 277 1126 312 1171; x_wconf 80' lang='lat' dir='ltr'><strong>vis</strong></span> <span class='ocrx_word' id='word_1_97' title='bbox 323 1132 346 1171; x_wconf 85' lang='lat' dir='ltr'><strong>et</strong></span> <span class='ocrx_word' id='word_1_98' title='bbox 356 1125 457 1185; x_wconf 74' lang='lat' dir='ltr'><strong>peeuma,</strong></span> <span class='ocrx_word' id='word_1_99' title='bbox 468 1131 492 1170; x_wconf 88' lang='lat' dir='ltr'><strong>et</strong></span> <span class='ocrx_word' id='word_1_100' title='bbox 503 1124 587 1170; x_wconf 80' lang='lat' dir='ltr'><strong>mentis</strong></span> <span class='ocrx_word' id='word_1_101' title='bbox 595 1123 776 1170; x_wconf 74' lang='lat' dir='ltr'><strong>fortunenovis·</strong></span> 
     </span>
     <span class='ocr_line' id='line_1_16' title="bbox 112 1186 779 1249; baseline -0.001 -14"><span class='ocrx_word' id='word_1_102' title='bbox 112 1186 170 1235; x_wconf 81' lang='lat' dir='ltr'><strong>sima</strong></span> <span class='ocrx_word' id='word_1_103' title='bbox 186 1188 258 1235; x_wconf 76' lang='lat' dir='ltr'><strong>ldrido.</strong></span> <span class='ocrx_word' id='word_1_104' title='bbox 290 1190 398 1236; x_wconf 83' lang='lat' dir='ltr'><strong>Adventu</strong></span> <span class='ocrx_word' id='word_1_105' title='bbox 413 1190 503 1235; x_wconf 88' lang='lat' dir='ltr'><strong>demum</strong></span> <span class='ocrx_word' id='word_1_106' title='bbox 519 1189 619 1249; x_wconf 84' lang='lat' dir='ltr'><strong>peditum</strong></span> <span class='ocrx_word' id='word_1_107' title='bbox 632 1189 779 1249; x_wconf 78' lang='lat' dir='ltr'><strong>equitumque</strong></span> 
     </span>
     <span class='ocr_line' id='line_1_17' title="bbox 153 1252 776 1317; baseline 0.002 -18"><span class='ocrx_word' id='word_1_108' title='bbox 153 1253 209 1300; x_wconf 80' lang='lat' dir='ltr'><strong>vitas</strong></span> <span class='ocrx_word' id='word_1_109' title='bbox 226 1255 312 1301; x_wconf 84' lang='lat' dir='ltr'><strong>consilii</strong></span> <span class='ocrx_word' id='word_1_110' title='bbox 329 1255 407 1317; x_wconf 80' lang='lat' dir='ltr'><strong>patuit,</strong></span> <span class='ocrx_word' id='word_1_111' title='bbox 424 1254 476 1315; x_wconf 86' lang='lat' dir='ltr'><strong>quia</strong></span> <span class='ocrx_word' id='word_1_112' title='bbox 490 1268 532 1299; x_wconf 88' lang='lat' dir='ltr'><strong>nec</strong></span> <span class='ocrx_word' id='word_1_113' title='bbox 546 1254 630 1299; x_wconf 70' lang='lat' dir='ltr'><strong>vadere</strong></span> <span class='ocrx_word' id='word_1_114' title='bbox 645 1267 686 1315; x_wconf 89' lang='lat' dir='ltr'><strong>per</strong></span> <span class='ocrx_word' id='word_1_115' title='bbox 698 1252 776 1300; x_wconf 80' lang='lat' dir='ltr'><strong>hostes</strong></span> 
     </span>
     <span class='ocr_line' id='line_1_18' title="bbox 108 1267 775 1381; baseline -0.003 -16"><span class='ocrx_word' id='word_1_116' title='bbox 108 1267 158 1365; x_wconf 52' lang='grc' dir='ltr'><strong>εἰ]</strong></span> <span class='ocrx_word' id='word_1_117' title='bbox 169 1318 238 1380; x_wconf 78' lang='lat' dir='ltr'><strong>parvi</strong></span> <span class='ocrx_word' id='word_1_118' title='bbox 247 1334 315 1366; x_wconf 88' lang='lat' dir='ltr'><strong>manu</strong></span> <span class='ocrx_word' id='word_1_119' title='bbox 326 1325 418 1381; x_wconf 89' lang='lat' dir='ltr'><strong>poterat,</strong></span> <span class='ocrx_word' id='word_1_120' title='bbox 430 1320 499 1365; x_wconf 86' lang='lat' dir='ltr'><strong>etiarn</strong></span> <span class='ocrx_word' id='word_1_121' title='bbox 507 1318 525 1363; x_wconf 91' lang='lat' dir='ltr'><strong>si</strong></span> <span class='ocrx_word' id='word_1_122' title='bbox 533 1316 720 1373; x_wconf 78' lang='lat' dir='ltr'><strong>iidiasimaioret3</strong></span> <span class='ocrx_word' id='word_1_123' title='bbox 732 1325 775 1363; x_wconf 83' lang='lat' dir='ltr'><strong>n&#39;ec</strong></span> 
     </span>
     <span class='ocr_line' id='line_1_19' title="bbox 108 1382 777 1445; baseline -0.004 -15"><span class='ocrx_word' id='word_1_124' title='bbox 108 1382 223 1445; x_wconf 81' lang='lat' dir='ltr'><strong>integram</strong></span> <span class='ocrx_word' id='word_1_125' title='bbox 233 1383 299 1431; x_wconf 81' lang='lat' dir='ltr'><strong>iidem</strong></span> <span class='ocrx_word' id='word_1_126' title='bbox 308 1384 435 1431; x_wconf 67' lang='lat' dir='ltr'><strong>abulmant.</strong></span> <span class='ocrx_word' id='word_1_127' title='bbox 451 1382 529 1429; x_wconf 87' lang='lat' dir='ltr'><strong>Pudor</strong></span> <span class='ocrx_word' id='word_1_128' title='bbox 539 1389 614 1429; x_wconf 79' lang='lat' dir='ltr'><strong>temen</strong></span> <span class='ocrx_word' id='word_1_129' title='bbox 625 1389 649 1428; x_wconf 89' lang='lat' dir='ltr'><strong>et</strong></span> <span class='ocrx_word' id='word_1_130' title='bbox 658 1382 777 1443; x_wconf 83' lang='lat' dir='ltr'><strong>praesentis</strong></span> 
     </span>
     <span class='ocr_line' id='line_1_20' title="bbox 109 1446 776 1504; baseline 0 -10"><span class='ocrx_word' id='word_1_131' title='bbox 109 1449 175 1495; x_wconf 85' lang='lat' dir='ltr'><strong>ducis</strong></span> <span class='ocrx_word' id='word_1_132' title='bbox 194 1451 319 1497; x_wconf 81' lang='lat' dir='ltr'><strong>reverentia</strong></span> <span class='ocrx_word' id='word_1_133' title='bbox 336 1451 469 1504; x_wconf 73' lang='lat' dir='ltr'><strong>morabatur,</strong></span> <span class='ocrx_word' id='word_1_134' title='bbox 485 1449 545 1495; x_wconf 87' lang='lat' dir='ltr'><strong>baud</strong></span> <span class='ocrx_word' id='word_1_135' title='bbox 563 1449 667 1496; x_wconf 76' lang='lat' dir='ltr'><strong>diutinus</strong></span> <span class='ocrx_word' id='word_1_136' title='bbox 685 1446 776 1494; x_wconf 79' lang='lat' dir='ltr'><strong>vincula</strong></span> 
     </span>
     <span class='ocr_line' id='line_1_21' title="bbox 108 1511 776 1576; baseline -0.001 -16"><span class='ocrx_word' id='word_1_137' title='bbox 108 1513 171 1574; x_wconf 76' lang='lat' dir='ltr'><strong>npud</strong></span> <span class='ocrx_word' id='word_1_138' title='bbox 182 1514 259 1561; x_wconf 81' lang='lat' dir='ltr'><strong>evidos</strong></span> <span class='ocrx_word' id='word_1_139' title='bbox 269 1515 422 1576; x_wconf 83' lang='lat' dir='ltr'><strong>periculorum,</strong></span> <span class='ocrx_word' id='word_1_140' title='bbox 440 1521 463 1561; x_wconf 87' lang='lat' dir='ltr'><strong>et</strong></span> <span class='ocrx_word' id='word_1_141' title='bbox 477 1513 592 1560; x_wconf 76' lang='lat' dir='ltr'><strong>dedecoris</strong></span> <span class='ocrx_word' id='word_1_142' title='bbox 607 1527 704 1560; x_wconf 80' lang='lat' dir='ltr'><strong>securos</strong></span> <span class='ocrx_word' id='word_1_143' title='bbox 737 1511 776 1559; x_wconf 76' lang='lat' dir='ltr'><strong>En</strong></span> 
     </span>
     <span class='ocr_line' id='line_1_22' title="bbox 107 1575 777 1641; baseline -0.003 -17"><span class='ocrx_word' id='word_1_144' title='bbox 107 1583 182 1635; x_wconf 81' lang='lat' dir='ltr'><strong>metu,</strong></span> <span class='ocrx_word' id='word_1_145' title='bbox 194 1579 297 1626; x_wconf 85' lang='lat' dir='ltr'><strong>cohortes</strong></span> <span class='ocrx_word' id='word_1_146' title='bbox 306 1578 433 1626; x_wconf 85' lang='lat' dir='ltr'><strong>Ariminum</strong></span> <span class='ocrx_word' id='word_1_147' title='bbox 443 1579 567 1641; x_wconf 82' lang='lat' dir='ltr'><strong>praemittit,</strong></span> <span class='ocrx_word' id='word_1_148' title='bbox 574 1578 631 1625; x_wconf 77' lang='lat' dir='ltr'><strong>alam</strong></span> <span class='ocrx_word' id='word_1_149' title='bbox 642 1575 700 1623; x_wconf 79' lang='lat' dir='ltr'><strong>t&#39;ueri</strong></span> <span class='ocrx_word' id='word_1_150' title='bbox 711 1583 777 1639; x_wconf 72' lang='lat' dir='ltr'><strong>terge</strong></span> 
     </span>
     <span class='ocr_line' id='line_1_23' title="bbox 100 1643 774 1708; baseline -0.007 -17"><span class='ocrx_word' id='word_1_151' title='bbox 100 1643 184 1708; x_wconf 72' lang='lat' dir='ltr'><strong>jrrbet:</strong></span> <span class='ocrx_word' id='word_1_152' title='bbox 209 1645 263 1706; x_wconf 85' lang='lat' dir='ltr'><strong>ipse,</strong></span> <span class='ocrx_word' id='word_1_153' title='bbox 279 1646 361 1706; x_wconf 78' lang='lat' dir='ltr'><strong>prucis,</strong></span> <span class='ocrx_word' id='word_1_154' title='bbox 378 1659 434 1706; x_wconf 81' lang='lat' dir='ltr'><strong>quoe</strong></span> <span class='ocrx_word' id='word_1_155' title='bbox 452 1644 546 1690; x_wconf 80' lang='lat' dir='ltr'><strong>adversa</strong></span> <span class='ocrx_word' id='word_1_156' title='bbox 561 1657 608 1689; x_wconf 82' lang='lat' dir='ltr'><strong>non</strong></span> <span class='ocrx_word' id='word_1_157' title='bbox 623 1647 774 1698; x_wconf 83' lang='lat' dir='ltr'><strong>mutaverant,</strong></span> 
     </span>
     <span class='ocr_line' id='line_1_24' title="bbox 106 1704 774 1768; baseline -0.007 -12"><span class='ocrx_word' id='word_1_158' title='bbox 106 1709 272 1764; x_wconf 73' lang='lat' dir='ltr'><strong>comitantibus,</strong></span> <span class='ocrx_word' id='word_1_159' title='bbox 289 1709 353 1766; x_wconf 80' lang='lat' dir='ltr'><strong>flexit</strong></span> <span class='ocrx_word' id='word_1_160' title='bbox 369 1710 392 1756; x_wconf 88' lang='lat' dir='ltr'><strong>ln</strong></span> <span class='ocrx_word' id='word_1_161' title='bbox 411 1709 538 1766; x_wconf 84' lang='lat' dir='ltr'><strong>Umbriam,</strong></span> <span class='ocrx_word' id='word_1_162' title='bbox 554 1715 623 1768; x_wconf 79' lang='lat' dir='ltr'><strong>atque</strong></span> <span class='ocrx_word' id='word_1_163' title='bbox 638 1704 774 1752; x_wconf 82' lang='lat' dir='ltr'><strong>isdeEtru·</strong></span> 
     </span>
     <span class='ocr_line' id='line_1_25' title="bbox 106 1772 773 1838; baseline -0.004 -18"><span class='ocrx_word' id='word_1_164' title='bbox 106 1774 164 1820; x_wconf 81' lang='lat' dir='ltr'><strong>siem</strong></span> <span class='ocrx_word' id='word_1_165' title='bbox 173 1791 182 1832; x_wconf 80' lang='lat'>3</span> <span class='ocrx_word' id='word_1_166' title='bbox 199 1775 242 1830; x_wconf 92' lang='lat' dir='ltr'><strong>ubi,</strong></span> <span class='ocrx_word' id='word_1_167' title='bbox 259 1775 351 1838; x_wconf 81' lang='lat' dir='ltr'><strong>cognito</strong></span> <span class='ocrx_word' id='word_1_168' title='bbox 361 1790 445 1836; x_wconf 83' lang='lat' dir='ltr'><strong>pugnae</strong></span> <span class='ocrx_word' id='word_1_169' title='bbox 456 1772 617 1822; x_wconf 83' lang='lat' dir='ltr'><strong>Cremonensis</strong></span> <span class='ocrx_word' id='word_1_170' title='bbox 624 1777 716 1826; x_wconf 82' lang='lat' dir='ltr'><strong>eventu,</strong></span> <span class='ocrx_word' id='word_1_171' title='bbox 726 1785 773 1818; x_wconf 87' lang='lat' dir='ltr'><strong>nnn</strong></span> 
     </span>
     <span class='ocr_line' id='line_1_26' title="bbox 105 1836 773 1902; baseline -0.007 -15"><span class='ocrx_word' id='word_1_172' title='bbox 105 1839 223 1902; x_wconf 75' lang='lat' dir='ltr'><strong>igmvum,</strong></span> <span class='ocrx_word' id='word_1_173' title='bbox 240 1844 269 1893; x_wconf 89' lang='lat' dir='ltr'><strong>et,</strong></span> <span class='ocrx_word' id='word_1_174' title='bbox 287 1841 304 1886; x_wconf 92' lang='lat' dir='ltr'><strong>si</strong></span> <span class='ocrx_word' id='word_1_175' title='bbox 313 1841 459 1902; x_wconf 82' lang='lat' dir='ltr'><strong>provenisset,</strong></span> <span class='ocrx_word' id='word_1_176' title='bbox 470 1845 535 1886; x_wconf 84' lang='lat' dir='ltr'><strong>atrox</strong></span> <span class='ocrx_word' id='word_1_177' title='bbox 545 1838 664 1886; x_wconf 77' lang='lat' dir='ltr'><strong>comilium</strong></span> <span class='ocrx_word' id='word_1_178' title='bbox 672 1836 728 1893; x_wconf 82' lang='lat' dir='ltr'><strong>iniit,</strong></span> <span class='ocrx_word' id='word_1_179' title='bbox 740 1843 773 1892; x_wconf 90' lang='lat' dir='ltr'><strong>ut,</strong></span> 
     </span>
     <span class='ocr_line' id='line_1_27' title="bbox 108 1899 774 1966; baseline -0.005 -15"><span class='ocrx_word' id='word_1_180' title='bbox 108 1905 204 1966; x_wconf 72' lang='lat' dir='ltr'><strong>arrepm</strong></span> <span class='ocrx_word' id='word_1_181' title='bbox 215 1906 314 1959; x_wconf 79' lang='lat' dir='ltr'><strong>navibus,</strong></span> <span class='ocrx_word' id='word_1_182' title='bbox 323 1906 346 1951; x_wconf 87' lang='lat' dir='ltr'><strong>in</strong></span> <span class='ocrx_word' id='word_1_183' title='bbox 354 1912 608 1966; x_wconf 77' lang='lat' dir='ltr'><strong>quarncurnqueportern</strong></span> <span class='ocrx_word' id='word_1_184' title='bbox 618 1899 774 1949; x_wconf 78' lang='lat' dir='ltr'><strong>Narbonensis</strong></span> 
     </span>
     <span class='ocr_line' id='line_1_28' title="bbox 102 1967 774 2032; baseline -0.003 -19"><span class='ocrx_word' id='word_1_185' title='bbox 102 1969 230 2032; x_wconf 51' lang='lat' dir='ltr'><strong>¹provincioe</strong></span> <span class='ocrx_word' id='word_1_186' title='bbox 240 1985 350 2032; x_wconf 83' lang='lat' dir='ltr'><strong>egressus,</strong></span> <span class='ocrx_word' id='word_1_187' title='bbox 361 1969 447 2016; x_wconf 87' lang='lat' dir='ltr'><strong>Gallias</strong></span> <span class='ocrx_word' id='word_1_188' title='bbox 457 1977 481 2016; x_wconf 85' lang='lat' dir='ltr'><strong>et</strong></span> <span class='ocrx_word' id='word_1_189' title='bbox 490 1971 602 2016; x_wconf 87' lang='lat' dir='ltr'><strong>exercitus</strong></span> <span class='ocrx_word' id='word_1_190' title='bbox 610 1976 634 2016; x_wconf 86' lang='lat' dir='ltr'><strong>et</strong></span> <span class='ocrx_word' id='word_1_191' title='bbox 641 1967 774 2015; x_wconf 81' lang='lat' dir='ltr'><strong>Germanias</strong></span> 
     </span>
     <span class='ocr_line' id='line_1_29' title="bbox 104 2035 508 2097; baseline 0 -17"><span class='ocrx_word' id='word_1_192' title='bbox 104 2039 189 2097; x_wconf 78' lang='lat' dir='ltr'><strong>gentes</strong></span> <span class='ocrx_word' id='word_1_193' title='bbox 200 2049 328 2095; x_wconf 79' lang='lat' dir='ltr'><strong>novumque</strong></span> <span class='ocrx_word' id='word_1_194' title='bbox 338 2035 420 2081; x_wconf 86' lang='lat' dir='ltr'><strong>bellum</strong></span> <span class='ocrx_word' id='word_1_195' title='bbox 431 2036 508 2080; x_wconf 66' lang='lat' dir='ltr'><strong>cieret,</strong></span> 
     </span>
     <span class='ocr_line' id='line_1_30' title="bbox 109 2094 773 2162; baseline -0.006 -17"><span class='ocrx_word' id='word_1_196' title='bbox 109 2112 115 2121; x_wconf 90' lang='lat'><strong>·</strong></span> <span class='ocrx_word' id='word_1_197' title='bbox 139 2097 224 2145; x_wconf 79' lang='lat' dir='ltr'><strong>xm.</strong></span> <span class='ocrx_word' id='word_1_198' title='bbox 240 2099 353 2162; x_wconf 81' lang='lat' dir='ltr'><strong>Digresso</strong></span> <span class='ocrx_word' id='word_1_199' title='bbox 364 2099 467 2153; x_wconf 85' lang='lat' dir='ltr'><strong>Valente,</strong></span> <span class='ocrx_word' id='word_1_200' title='bbox 484 2097 588 2160; x_wconf 85' lang='lat' dir='ltr'><strong>trepidos,</strong></span> <span class='ocrx_word' id='word_1_201' title='bbox 595 2095 635 2156; x_wconf 86' lang='lat' dir='ltr'><strong>qui</strong></span> <span class='ocrx_word' id='word_1_202' title='bbox 644 2094 773 2141; x_wconf 86' lang='lat' dir='ltr'><strong>Ariminum</strong></span> 
     </span>
     <span class='ocr_line' id='line_1_31' title="bbox 104 2159 773 2220; baseline -0.007 -9"><span class='ocrx_word' id='word_1_203' title='bbox 104 2165 219 2220; x_wconf 82' lang='lat' dir='ltr'><strong>tenebant,</strong></span> <span class='ocrx_word' id='word_1_204' title='bbox 229 2162 349 2212; x_wconf 85' lang='lat' dir='ltr'><strong>Cornelius</strong></span> <span class='ocrx_word' id='word_1_205' title='bbox 357 2164 451 2219; x_wconf 85' lang='lat' dir='ltr'><strong>Fuscus,</strong></span> <span class='ocrx_word' id='word_1_206' title='bbox 463 2165 554 2210; x_wconf 84' lang='lat' dir='ltr'><strong>admoto</strong></span> <span class='ocrx_word' id='word_1_207' title='bbox 566 2161 672 2215; x_wconf 84' lang='lat' dir='ltr'><strong>exercitu,</strong></span> <span class='ocrx_word' id='word_1_208' title='bbox 683 2165 708 2206; x_wconf 86' lang='lat' dir='ltr'><strong>et</strong></span> <span class='ocrx_word' id='word_1_209' title='bbox 717 2159 773 2206; x_wconf 83' lang='lat' dir='ltr'><strong>mis·</strong></span> 
     </span>
    </p>
   </div>
   <div class='ocr_carea' id='block_1_3' title="bbox 101 2223 865 2292">
    <p class='ocr_par' dir='ltr' id='par_1_3' title="bbox 101 2223 865 2292">
     <span class='ocr_line' id='line_1_32' title="bbox 101 2223 865 2292; baseline -0.008 -16"><span class='ocrx_word' id='word_1_210' title='bbox 101 2229 137 2276; x_wconf 78' lang='lat' dir='ltr'><strong>sis</strong></span> <span class='ocrx_word' id='word_1_211' title='bbox 156 2245 197 2292; x_wconf 87' lang='lat' dir='ltr'><strong>per</strong></span> <span class='ocrx_word' id='word_1_212' title='bbox 215 2231 317 2291; x_wconf 81' lang='lat' dir='ltr'><strong>proxima</strong></span> <span class='ocrx_word' id='word_1_213' title='bbox 334 2223 433 2276; x_wconf 83' lang='lat' dir='ltr'><strong>litorum&#39;</strong></span> <span class='ocrx_word' id='word_1_214' title='bbox 444 2227 578 2281; x_wconf 83' lang='lat' dir='ltr'><strong>Liburnicis,</strong></span> <span class='ocrx_word' id='word_1_215' title='bbox 595 2223 656 2272; x_wconf 76' lang='lat' dir='ltr'><strong>terri</strong></span> <span class='ocrx_word' id='word_1_216' title='bbox 672 2225 773 2286; x_wconf 66' lang='lat' dir='ltr'><strong>murique</strong></span> <span class='ocrx_word' id='word_1_217' title='bbox 862 2234 865 2238; x_wconf 87' lang='lat'>&#39;</span> 
     </span>
    </p>
   </div>
   <div class='ocr_carea' id='block_1_4' title="bbox 100 2287 773 2682">
    <p class='ocr_par' dir='ltr' id='par_1_4' title="bbox 100 2287 773 2682">
     <span class='ocr_line' id='line_1_33' title="bbox 101 2287 773 2356; baseline -0.006 -16"><span class='ocrx_word' id='word_1_218' title='bbox 101 2295 260 2341; x_wconf 80' lang='lat' dir='ltr'><strong>circumvenit.</strong></span> <span class='ocrx_word' id='word_1_219' title='bbox 298 2294 444 2356; x_wconf 84' lang='lat' dir='ltr'><strong>Occupantur</strong></span> <span class='ocrx_word' id='word_1_220' title='bbox 461 2293 529 2356; x_wconf 84' lang='lat' dir='ltr'><strong>pians</strong></span> <span class='ocrx_word' id='word_1_221' title='bbox 550 2292 659 2345; x_wconf 78' lang='lat' dir='ltr'><strong>Umbriae,</strong></span> <span class='ocrx_word' id='word_1_222' title='bbox 682 2297 706 2336; x_wconf 87' lang='lat' dir='ltr'><strong>et</strong></span> <span class='ocrx_word' id='word_1_223' title='bbox 727 2287 773 2352; x_wconf 74' lang='lat' dir='ltr'><strong>qud</strong></span> 
     </span>
     <span class='ocr_line' id='line_1_34' title="bbox 104 2355 771 2422; baseline -0.006 -16"><span class='ocrx_word' id='word_1_224' title='bbox 104 2357 205 2406; x_wconf 82' lang='lat' dir='ltr'><strong>I’icerms</strong></span> <span class='ocrx_word' id='word_1_225' title='bbox 216 2373 271 2422; x_wconf 81' lang='lat' dir='ltr'><strong>ager</strong></span> <span class='ocrx_word' id='word_1_226' title='bbox 280 2357 353 2406; x_wconf 74' lang='lat' dir='ltr'><strong>Anni</strong></span> <span class='ocrx_word' id='word_1_227' title='bbox 367 2359 468 2406; x_wconf 85' lang='lat' dir='ltr'><strong>alluitur:</strong></span> <span class='ocrx_word' id='word_1_228' title='bbox 487 2358 605 2417; x_wconf 83' lang='lat' dir='ltr'><strong>omnisque</strong></span> <span class='ocrx_word' id='word_1_229' title='bbox 622 2355 695 2409; x_wconf 86' lang='lat' dir='ltr'><strong>Italia,</strong></span> <span class='ocrx_word' id='word_1_230' title='bbox 711 2355 771 2402; x_wconf 80' lang='lat' dir='ltr'><strong>inter</strong></span> 
     </span>
     <span class='ocr_line' id='line_1_35' title="bbox 103 2419 773 2486; baseline -0.009 -16"><span class='ocrx_word' id='word_1_231' title='bbox 103 2422 271 2486; x_wconf 87' lang='lat' dir='ltr'><strong>Vespasianum</strong></span> <span class='ocrx_word' id='word_1_232' title='bbox 289 2439 316 2470; x_wconf 89' lang='lat' dir='ltr'><strong>ac</strong></span> <span class='ocrx_word' id='word_1_233' title='bbox 333 2423 458 2478; x_wconf 86' lang='lat' dir='ltr'><strong>Vitellium,</strong></span> <span class='ocrx_word' id='word_1_234' title='bbox 476 2422 498 2469; x_wconf 84' lang='lat' dir='ltr'><strong>A</strong></span> <span class='ocrx_word' id='word_1_235' title='bbox 528 2423 592 2486; x_wconf 85' lang='lat' dir='ltr'><strong>nnini</strong></span> <span class='ocrx_word' id='word_1_236' title='bbox 603 2421 667 2484; x_wconf 85' lang='lat' dir='ltr'><strong>jugis</strong></span> <span class='ocrx_word' id='word_1_237' title='bbox 684 2419 773 2466; x_wconf 87' lang='lat' dir='ltr'><strong>divido·</strong></span> 
     </span>
     <span class='ocr_line' id='line_1_36' title="bbox 100 2482 771 2541; baseline -0.013 -5"><span class='ocrx_word' id='word_1_238' title='bbox 100 2489 177 2536; x_wconf 75' lang='lat' dir='ltr'><strong>bstur.</strong></span> <span class='ocrx_word' id='word_1_239' title='bbox 211 2487 294 2535; x_wconf 82' lang='lat' dir='ltr'><strong>Fabius</strong></span> <span class='ocrx_word' id='word_1_240' title='bbox 302 2487 394 2541; x_wconf 87' lang='lat' dir='ltr'><strong>Valens,</strong></span> <span class='ocrx_word' id='word_1_241' title='bbox 411 2489 486 2534; x_wconf 86' lang='lat' dir='ltr'><strong>esinu</strong></span> <span class='ocrx_word' id='word_1_242' title='bbox 519 2501 589 2540; x_wconf 82' lang='lat' dir='ltr'><strong>rsano,</strong></span> <span class='ocrx_word' id='word_1_243' title='bbox 601 2482 688 2531; x_wconf 78' lang='lat' dir='ltr'><strong>saevitid</strong></span> <span class='ocrx_word' id='word_1_244' title='bbox 695 2485 771 2535; x_wconf 73' lang='lat' dir='ltr'><strong>mans,</strong></span> 
     </span>
     <span class='ocr_line' id='line_1_37' title="bbox 100 2545 771 2606; baseline -0.019 -5"><span class='ocrx_word' id='word_1_245' title='bbox 100 2561 144 2601; x_wconf 79' lang='lat' dir='ltr'><strong>aut</strong></span> <span class='ocrx_word' id='word_1_246' title='bbox 155 2553 287 2600; x_wconf 80' lang='lat' dir='ltr'><strong>adversante</strong></span> <span class='ocrx_word' id='word_1_247' title='bbox 298 2560 373 2606; x_wconf 80' lang='lat' dir='ltr'><strong>vento,</strong></span> <span class='ocrx_word' id='word_1_248' title='bbox 391 2551 485 2598; x_wconf 83' lang='lat' dir='ltr'><strong>Portum</strong></span> <span class='ocrx_word' id='word_1_249' title='bbox 497 2549 606 2597; x_wconf 83' lang='lat' dir='ltr'><strong>Herculis</strong></span> <span class='ocrx_word' id='word_1_250' title='bbox 615 2547 720 2593; x_wconf 85' lang='lat' dir='ltr'><strong>Monoeci</strong></span> <span class='ocrx_word' id='word_1_251' title='bbox 730 2545 771 2588; x_wconf 89' lang='lat' dir='ltr'><strong>de·</strong></span> 
     </span>
     <span class='ocr_line' id='line_1_38' title="bbox 100 2609 772 2682; baseline -0.012 -17"><span class='ocrx_word' id='word_1_252' title='bbox 100 2619 208 2682; x_wconf 83' lang='lat' dir='ltr'><strong>pellitur=</strong></span> <span class='ocrx_word' id='word_1_253' title='bbox 227 2619 286 2664; x_wconf 85' lang='lat' dir='ltr'><strong>baud</strong></span> <span class='ocrx_word' id='word_1_254' title='bbox 301 2617 380 2679; x_wconf 87' lang='lat' dir='ltr'><strong>procul</strong></span> <span class='ocrx_word' id='word_1_255' title='bbox 395 2617 447 2662; x_wconf 85' lang='lat' dir='ltr'><strong>inde</strong></span> <span class='ocrx_word' id='word_1_256' title='bbox 463 2616 545 2676; x_wconf 78' lang='lat' dir='ltr'><strong>agebat</strong></span> <span class='ocrx_word' id='word_1_257' title='bbox 557 2612 647 2659; x_wconf 81' lang='lat' dir='ltr'><strong>Marius</strong></span> <span class='ocrx_word' id='word_1_258' title='bbox 658 2609 772 2657; x_wconf 65' lang='lat' dir='ltr'><strong>Malum·</strong></span> 
     </span>
    </p>
   </div>
   <div class='ocr_carea' id='block_1_5' title="bbox 102 2667 775 2784">
    <p class='ocr_par' dir='ltr' id='par_1_5' title="bbox 102 2667 775 2784">
     <span class='ocr_line' id='line_1_39' title="bbox 102 2667 775 2784; baseline -0.03 -52"><span class='ocrx_word' id='word_1_259' title='bbox 102 2683 200 2748; x_wconf 81' lang='lat' dir='ltr'><strong>Alpium</strong></span> <span class='ocrx_word' id='word_1_260' title='bbox 211 2682 372 2730; x_wconf 71' lang='lat' dir='ltr'><strong>maritimum</strong></span> <span class='ocrx_word' id='word_1_261' title='bbox 382 2688 520 2744; x_wconf 81' lang='lat' dir='ltr'><strong>pmcurnter,</strong></span> <span class='ocrx_word' id='word_1_262' title='bbox 526 2676 590 2784; x_wconf 62' lang='lat' dir='ltr'><strong>¹tpdps</strong></span> <span class='ocrx_word' id='word_1_263' title='bbox 597 2672 698 2724; x_wconf 76' lang='lat' dir='ltr'><strong>Vitellio,</strong></span> <span class='ocrx_word' id='word_1_264' title='bbox 709 2667 775 2726; x_wconf 76' lang='lat' dir='ltr'><strong>cujas</strong></span> 
     </span>
    </p>
   </div>
   <div class='ocr_carea' id='block_1_6' title="bbox 0 0 922 2900">
    <p class='ocr_par' dir='ltr' id='par_1_6' title="bbox 0 0 922 2900">
     <span class='ocr_line' id='line_1_40' title="bbox 0 0 922 2900; baseline 0 2"><span class='ocrx_word' id='word_1_265' title='bbox 0 0 922 2900; x_wconf 95' lang='lat' dir='ltr'><strong> </strong></span> 
     </span>
    </p>
   </div>
  </div>
 </body>
</html>
