1834 2900
92 119 113 158 J.
123 119 147 159 c.
157 123 190 166 70.
215 114 463 167 HISTORJARUM
472 116 527 169 Lu.
534 116 584 167 111.
592 117 653 169 Car.
659 122 698 169 71.
718 126 762 169 141

93 261 160 307 quam
179 248 321 295 Aventinum
337 256 361 295 et
377 255 470 311 penates
488 250 564 297 uxoria
582 248 692 313 petisset?
724 250 762 299 Ita

93 312 189 373 privato,
206 321 230 359 et
241 328 330 359 omnem
341 314 478 375 principatus
488 316 584 376 speeiem
600 318 686 372 vitanti,
703 333 759 364 ooo·

91 378 191 424 venisse.
225 376 317 433 Contra,
337 377 455 425 Vitellium
475 380 498 424 in
518 378 636 434 Palatium,
653 383 677 427 iu
687 384 759 444 ipsam

93 440 183 501 imperii
205 456 278 489 aroem
300 458 440 505 mosum:
468 444 520 494 inde
543 454 652 491 armatum
674 461 757 507 agmen

93 506 202 551 emissum
212 524 217 551 ι
232 514 321 554 stratam
328 509 480 555 innocentium
489 509 587 555 caedibus
595 510 759 557 celeberrimam

90 568 167 616 -Urbis
183 580 282 632 partem:
301 588 330 618 ne
342 570 454 634 Capitolio
465 573 555 633 quidem
566 574 679 619 abstineri.
709 575 759 622 To·

93 640 173 695 gotum
184 651 264 698 nempe
274 652 306 691 se,
323 645 346 683 et
365 650 433 683 unum
445 653 458 683 e
470 638 615 691 senatoribus,
632 637 684 684 dum
701 640 759 686 inter

95 696 258 761 Vespasianum
270 716 296 748 ae
308 701 425 748 Vitellium
436 703 522 762 proeliis
532 703 655 762 legionum,
666 704 759 765 captivi-

92 764 175 811 tatibus
185 767 281 820 urbium,
293 766 440 813 deditionibus
447 767 572 813 cohortium
578 767 758 830 judicataqjaat,

94 826 214 890 Hispaniis
223 830 396 889 Germaniisque
406 838 430 876 et
446 830 564 877 Britauoii
579 831 759 887 desciscentibus,

90 892 185 939 fratrem
202 892 335 955 Vespasiani
350 896 458 941 mansisse
473 896 498 941 iu
511 895 561 949 fide,
578 896 649 943 donee
660 896 719 943 ultro
730 897 759 944 ad

93 958 235 1005 conditiones
246 966 368 1007 vocaretur.
401 958 485 1005 Pacem
501 968 525 1007 et
541 961 682 1007 concordiam
693 963 761 1009 vietis

93 1022 172 1080 utilis3
191 1024 310 1071 victoribus
327 1031 414 1071 tantum
431 1026 588 1085 pulchraesse.
622 1026 645 1072 Si
656 1042 757 1074 conveu-

94 1087 164 1133 tionis
186 1089 298 1149 paeniteat,
321 1104 368 1135 uon
391 1104 422 1143 se,
441 1105 507 1148 quem
526 1088 617 1151 perfidia
638 1091 756 1153 deceperit,

93 1150 155 1197 ferro
171 1160 262 1213 peteret,
279 1169 324 1199 non
340 1153 410 1200 tilium
428 1153 567 1215 Vespasiani,
584 1156 623 1217 yix
634 1157 754 1216 puberemr

93 1224 209 1277 quantum,
226 1220 305 1265 occisit
322 1234 368 1265 uno
385 1234 439 1265 sene
456 1228 479 1265 et
497 1235 542 1266 uno
554 1221 646 1281 juvene,
662 1220 756 1281 profici?

92 1283 136 1328 iret
155 1282 242 1331 obviam
261 1284 400 1345 legionibus:
424 1293 447 1329 et
466 1284 494 1330 de
512 1283 601 1330 summi
619 1299 692 1329 rerum
711 1285 758 1332 illis

91 1354 200 1395 certaret:
219 1357 302 1395 stetere
319 1348 441 1395 secundum
459 1356 564 1395 eventum
578 1348 650 1409 proelii
661 1364 759 1397 cessura.

91 1409 204 1474 Trepidus
219 1414 248 1460 ad
263 1414 311 1460 haee
322 1412 428 1461 Vitellius
445 1428 516 1476 pauca
525 1413 634 1476 purgandi
645 1414 680 1461 sui
690 1413 772 1463 must

92 1477 215 1538 respoudit,
232 1479 318 1539 culpam
329 1479 352 1525 in
364 1479 458 1526 militem
469 1479 593 1532 conferens,
610 1480 673 1542 qu'us
686 1480 757 1528 nimio

94 1541 169 1588 ardori
186 1542 292 1603 imparem
303 1558 351 1590 esse
368 1544 502 1592 modestiam
519 1559 590 1591 suam.
623 1543 655 1589 Et
669 1545 758 1591 monuit

92 1605 232 1660 Martialem,
250 1615 274 1653 ut
290 1623 330 1670 per
346 1615 455 1655 secretam
473 1608 555 1655 edium
571 1615 657 1669 partem
670 1608 758 1654 occulte

92 1671 170 1726 abiret,
188 1687 217 1717 ns
226 1686 241 1717 a
251 1673 356 1720 militibus
365 1674 518 1720 internuntius
528 1673 607 1719 invisae
617 1674 679 1733 posis
686 1673 757 1718 inter·

92 1735 209 1783 liceretur:
228 1737 277 1798 ipse
293 1753 365 1799 neque
378 1739 472 1801 jubendi
488 1751 561 1798 neque
570 1737 660 1784 vetandi
670 1744 756 1797 potens,

92 1801 331 1913 noriqqqqqmqyerntqr,
343 1803 383 1849 sed
394 1810 481 1849 tautum
491 1802 631 1929 bedbqqusqi
638 1810 719 1913 erat-M

216 1899 223 1912 .
263 1882 287 1912 rx
320 1883 357 1913 um
375 1882 477 1929 regresso
494 1882 518 1916 sn
584 1876 617 1914 rto
632 1882 670 1914 um
719 1883 756 1914 ar-

92 1930 152 1983 tisle,
169 1929 245 1978 furens
262 1932 327 1984 miles
344 1933 426 1987 aderat,
442 1933 504 1979 nullo
521 1933 590 1978 duee:
610 1933 651 1979 sibi
661 1933 757 1992 quisque

90 2003 182 2042 suetos:
197 1995 241 2042 cito
251 1997 342 2058 agmine
352 1996 426 2043 sorum
434 1997 603 2044 etimmioentis
612 1997 662 2043 foro
672 1996 758 2056 templs

91 2062 234 2122 praetervecti
244 2064 334 2123 erigunt
345 2062 415 2108 aciem
426 2077 466 2122 per
481 2062 600 2108 adversum
614 2060 701 2113 cothus,
717 2074 758 2106 us·

92 2141 137 2185 que
153 2125 182 2171 ad
199 2126 281 2186 primas
300 2123 433 2187 Capitolinae
447 2124 582 2172 mulotes.
612 2123 687 2170 Erant
697 2125 756 2170 anti·

93 2191 169 2250 quitus
183 2190 281 2251 porticus
296 2191 319 2236 iu
333 2191 403 2237 latere
419 2191 478 2244 clivi,
495 2191 582 2236 dextrae
595 2188 756 2248 subeuntibus3
810 2195 817 2204 ⁴

92 2255 115 2302 in
126 2269 222 2314 quarum
232 2263 317 2302 tectum
328 2256 413 2316 egressi
424 2256 485 2302 sams
491 2254 618 2316 tegulisque
624 2252 757 2301 Vitellianos

93 2319 223 2366 obruebant.
256 2319 338 2380 Neque
349 2319 392 2366 illis
402 2335 489 2375 manus,
500 2319 543 2366 nisi
550 2318 637 2381 gladiis,
648 2328 754 2366 armam:

92 2391 115 2430 et
126 2398 240 2430 arcessere
250 2390 367 2438 tormenta,
379 2391 418 2430 aut
429 2383 522 2430 missilia
531 2383 582 2439 teia,
589 2383 684 2445 longum
694 2385 757 2431 vide·

92 2449 173 2495 batur:
199 2447 259 2494 taces
277 2450 301 2494 in
320 2449 484 2510 prominentem
502 2448 613 2508 porticum
627 2444 718 2509 jecero3
735 2455 759 2492 et

92 2513 243 2572 sequebantur
259 2514 352 2574 ignem
369 2514 526 2572 ambustasque
533 2509 638 2571 Capitolii
647 2510 709 2556 sores
718 2524 758 2569 pe-

93 2575 229 2634 netrissent,
246 2578 270 2624 ni
288 2578 383 2625 Sabinus
394 2576 494 2625 revulsas
502 2574 601 2634 undique
611 2580 703 2626 mimo
720 2572 759 2616 ἅθ’
