1834 2900
115 113 206 161 ωτι.
241 125 277 158 ω
294 98 388 159 LrnV.
405 106 662 159 HIS'liORlARUM.
733 109 786 158 225

116 242 176 291 teriia
186 241 354 289 velitationibus
369 239 452 289 frustra
461 237 567 287 illusere:
586 254 674 303 semper
684 238 746 296 vieti,
757 239 783 285 in
807 247 809 255 ·

114 307 223 367 ternplum
232 304 372 368 profugiunt.

115 398 119 407 =
144 368 223 434 [Tum
233 370 307 425 litus,
314 372 337 418 in
349 370 473 417 Antoniam
481 368 560 416 turrim
572 383 680 424 reversus,
690 376 785 431 postero

114 436 152 483 <lie
169 434 219 483 toti
236 450 328 483 suorum
346 436 368 482 vi
386 436 477 489 irruere,
497 434 649 496 templumque
665 434 782 480 circumsi-

115 501 169 547 dere
179 500 310 547 destinabat.
340 500 385 547 Sed
395 500 468 546 acrior
478 498 525 545 Dei
535 499 570 544 ira
579 497 674 546 Juuaeos
681 498 784 560 urgebat.

116 563 171 627 Ipsi,
183 580 235 611 suns
245 566 273 611 ad
291 579 370 627 poenas
388 567 478 625 promti,
489 562 608 609 Romanos
618 562 785 624 restinguendis

115 631 233 677 exterioris
241 629 318 692 templi
328 629 437 677 incendiis
444 635 548 690 operatos
558 627 675 674 invadunt.
700 624 784 674 Talem

171 694 262 741 iconiam
273 694 401 757 indignatus
409 693 474 740 miles
483 691 609 747 Romanus,
615 690 783 738 tumultuariam

113 709 247 807 iirfaeorum
257 773 351 805 manum
360 760 392 805 ite
404 758 509 819 perculit,
524 764 551 803 ut
560 755 616 821 fugi
625 769 748 803 conversos
757 755 783 801 in

114 824 224 886 templum
235 838 307 884 usque
315 824 477 883 insequeretur.
505 820 567 868 Tum
583 835 615 869 ex
627 821 655 868 iis
669 835 735 875 unus,
746 820 786 865 in·

109 888 196 951 jussus,
216 889 256 935 sed
273 888 349 933 (livino
366 887 463 947 quodam
477 886 563 948 impetu
573 894 643 941 actus,
654 893 716 933 torre
730 900 783 932 eor·

115 960 187 1015 repto,
199 953 313 1013 alteroque
322 951 451 999 sublevante
469 951 549 1009 milite,
564 951 669 999 incensas
678 952 786 999 materias

114 1032 156 1080 per
166 1017 287 1065 fenestram
303 1032 398 1073 auream,
411 1014 471 1063 unde
480 1016 509 1063 ad
518 1016 586 1063 oellns
595 1016 656 1064 eirea
672 1015 783 1080 templum

113 1082 200 1145 positos
210 1096 289 1129 uersus
298 1081 486 1145 septemtrione·
497 1089 546 1128 erat
555 1082 635 1137 editus,
645 1082 726 1145 injicit.
747 1078 784 1129 Ut

114 1146 207 1193 flamma
218 1148 295 1209 erupit,
306 1145 541 1202 auditusludaeorum,
552 1146 677 1209 plusquam
684 1161 783 1209 perenn·

113 1212 181 1269 tium,
201 1211 289 1260 clamor.
319 1210 359 1260 Re
374 1210 436 1266 Tito,
452 1212 551 1273 quietem
567 1212 672 1274 captanti,
687 1224 783 1273 propere

114 1274 223 1331 nuntiati,
242 1292 255 1323 e
269 1278 367 1325 tentorio
380 1277 456 1325 stetim
471 1276 573 1337 prosilitz
591 1277 694 1331 accurrit,
704 1283 731 1323 ut
744 1277 783 1322 irr-

1 1386 2 1393 ,
93 1389 97 1401 ,
114 1342 194 1391 cendia
204 1342 349 1403 comprimat:
369 1342 506 1389 comitentur
516 1340 597 1387 duces:
616 1341 720 1388 eoastris
729 1354 782 1385 orn·

113 1406 179 1454 nibua
189 1406 303 1460 concurrit
310 1406 428 1456 exercitus.
460 1402 783 1455 Omniaineouditisolamori·

4 1505 9 1521 r
111 1471 156 1518 bus
176 1477 306 1533 personant
343 1469 398 1518 Tito
426 1485 485 1519 vooe
514 1484 629 1531 manuque
651 1470 784 1522 incendium

111 1535 225 1597 restingui
236 1533 382 1596 significante,
399 1549 466 1582 nemo
479 1535 571 1582 aurrbus
581 1535 681 1582 oculisve
690 1549 784 1597 compe-r

112 1608 171 1648 tere·
203 1597 437 1646 Victoribusetvietis
448 1599 508 1646 idem
518 1599 623 1662 impetus.
654 1597 692 1646 Illi
703 1600 784 1647 ardent

3 1710 8 1732 t
111 1673 202 1712 veteres
212 1666 236 1712 in
247 1663 343 1710 invisam
358 1670 450 1726 gentem
467 1664 513 1711 iras
527 1664 631 1725 explere:
647 1663 784 1710 noeenaiin-
858 1688 863 1701 ι

113 1745 181 1792 nuper
191 1727 287 1792 plurimi
297 1729 345 1776 ouri
350 1727 454 1791 imagine,
466 1726 511 1790 quri
518 1727 781 1791 templumsplendescitg

113 1796 267 1858 majoremque
284 1809 352 1856 opum
370 1794 417 1840 vim
434 1794 495 1842 intur
510 1794 581 1841 intere
595 1794 645 1843 rati.
684 1793 719 1840 Hi
731 1807 781 1841 non
804 1830 807 1835 ,

0 1847 8 1868 ³*
106 1861 158 1923 jam
174 1875 215 1922 pro
225 1856 278 1916 virt,
293 1875 334 1920 pro
343 1857 446 1915 fortunis,
458 1860 498 1906 aed
506 1875 548 1922 pro
558 1860 649 1922 templo,
664 1874 706 1922 pro
716 1857 780 1917 Deo,

1 1967 12 1994 4
112 1929 212 1972 mortem
231 1925 323 1986 superbe
338 1933 475 1986 provocant;
491 1936 575 1985 quanto
590 1925 682 1987 propius
697 1925 726 1971 ad
735 1939 779 1972 ex.

113 1995 189 2036 trema
198 1997 298 2043 ventum,
316 1995 379 2036 tanto
389 1989 414 2036 in
425 1989 508 2036 rlivinae
519 1989 567 2052 opis
577 2005 641 2052 mem
652 1991 779 2037 erectiores.
831 2020 832 2023 =

111 2051 217 2102 Juduiois
236 2069 290 2116 ergo
306 2053 421 2102 funeribus
436 2053 542 2101 Romana
551 2055 674 2100 miscentur
683 2053 778 2100 funera:

8 2163 11 2172 .
111 2118 191 2180 templi
205 2118 285 2165 atrium
305 2119 403 2166 exundat
418 2120 540 2180 sunguine:
559 2118 643 2166 circum
661 2117 737 2173 altare,
754 2116 781 2164 in

6 2217 10 2244 s
111 2183 539 2245 templigrrdibunoaedesinnumerae.

145 2244 210 2310 [Has
226 2247 286 2294 inter
303 2255 401 2310 strages,
418 2249 521 2295 incendia
542 2262 593 2312 spor
624 2254 651 2294 nt
669 2247 780 2296 Romani.

110 2310 222 2359 Nondum
241 2318 317 2360 tumen
333 2311 442 2374 flagrabat
451 2313 577 2375 templum
616 2320 667 2367 rtur,
677 2313 733 2360 illud
742 2313 780 2360 vi-

0 2381 6 2394 ¹
109 2377 178 2424 dendi
190 2376 289 2438 cupidus,
308 2377 457 2439 pugnantium
475 2392 559 2426 manus.
575 2393 637 2440 aegre
651 2377 776 2425 eluctatur:

5 2494 10 2505 ¹
109 2443 152 2488 has
163 2455 215 2488 cum
226 2441 278 2488 belli
288 2441 380 2488 ducibus
390 2456 502 2504 egressm
516 2442 592 2498 intrat,
601 2443 648 2491 adit
657 2443 780 2505 penetrale,

108 2513 194 2554 cuncta
211 2505 297 2561 lustrat,
315 2502 419 2567 famique
439 2508 525 2568 majora
540 2508 648 2564 miratur;
670 2506 782 2565 templum

5 2583 8 2588 '
107 2570 196 2618 servari
217 2570 289 2621 adhue
309 2585 383 2632 posse,
399 2567 433 2616 iri
447 2571 533 2617 mutuis
549 2571 647 2617 enodibus
662 2564 782 2615 exhaussbs

106 2633 218 2689 confisus.
249 2634 284 2684 At
294 2634 391 2682 militum
401 2648 469 2690 unus,
479 2648 532 2685 eum
542 2640 640 2689 matris,
647 2637 721 2694 porte
730 2637 782 2671 ατ*
