1834 2900
108 122 118 129 “
138 116 171 164 so
211 108 459 161 HISTORIARUM
469 104 563 159 Iasii
572 103 808 160 cai.7s.'11·c.osa

111 248 113 253 ’
140 244 233 291 tellium'
244 242 349 290 anteibat.
384 238 444 290 Salis
461 244 543 290 claros·
553 241 664 304 est'apud
682 233 808 296 timentem,

140 308 240 369 quisquis
252 309 357 355 timetur:
370 316 394 354 et
404 308 613 369 posaesbexercitu
621 308 744 369 principem
752 305 808 360 fieri,

141 374 182 421 sibi
193 370 241 433 ips'e
249 372 355 419 Vitellius
366 373 517 430 documento;
534 372 602 418 nullis
613 372 735 433 stipendiis,
746 369 809 417 nulli

114 450 115 455 ’
141 436 232 485 militari
243 436 309 491 sami,
323 438 604 499 Galbae'odioprovectus.
629 437 681 483 Nec
692 436 807 483 Othonem

143 502 233 563 quidem
250 502 313 549 ducis
327 510 381 557 arte,
398 511 437 549 sut
447 502 559 549 exercitiis
569 503 600 556 νῇ
617 503 657 548 sed
667 497 811 563 praeproperi-

142 568 213 631 ipsius
235 567 388 630 desperatione
410 568 502 623 victum,
525 569 573 630 jam
596 566 763 613 desiderabilem
785 571 809 611 et

143 646 252 694 magnum
267 634 390 695 principem
405 631 466 679 fecit.
499 630 559 679 Cum
577 632 667 677 interim
678 632 764 692 spargit
770 631 808 676 lc·

143 699 231 761 giones,
240 704 341 743 exarmat
351 698 462 751 cohortes,
473 712 533 743 nova
543 697 642 757 quotidie
652 696 710 741 bello
720 695 809 741 semina

142 762 268 809 ministrat:
288 762 374 821 siquid
392 762 478 807 ardoris
494 777 520 807 ac
534 760 626 808 ferociae
642 761 707 806 miles
724 759 807 815 babuit,

142 828 232 889 popinis
241 833 265 872 et
276 824 469 873 comissationibus
479 834 503 872 et
512 827 618 888 principis
625 826 762 878 imitatione·
768 824 822 869 ‹te-³

144 893 232 939 teritur.¹
263 889 315 936 Tibi
325 906 339 936 e
349 889 431 938 Judaea
448 898 472 937 et
487 889 554 951 Syriai
568 899 591 936 et
608 890 711 951 AEgypto
725 892 809 934 novem

129 968 131 971 ·
144 956 246 1018 legiones
257 956 358 1016 integra,
376 953 439 1001 nulli
449 956 497 1001 acie
507 956 629 1009 exhaustae,
647 970 691 999 non
700 952 813 1000 discordii·

144 1026 271 1081 corruptae;
289 1019 327 1065 sed
344 1019 446 1066 firmatus
464 1036 507 1066 usu
522 1020 592 1074 miles,
609 1028 634 1066 et
646 1019 698 1065 belli
713 1018 814 1064 dmnitor-

145 1082 246 1131 eitteriri:
274 1084 386 1138 classium,
406 1084 504 1141 alarum,
527 1086 653 1131 cohortium
675 1084 770 1139 robora;
787 1090 812 1129 et

143 1148 247 1196 fidissimi
258 1163 337 1209 reges:
358 1157 382 1195 et
391 1156 430 1195 tua
441 1156 494 1195 ante
504 1164 583 1195 omnes
592 1149 736 1211 experientia.
809 1162 813 1168 ’

150 1246 152 1249 -
180 1212 314 1259 Lxxvil.
332 1220 346 1243 ‘⁴
355 1213 428 1260 Nobis
436 1214 492 1259 nihii
503 1214 562 1259 ultra
572 1215 687 1275 arrogabo,
696 1216 813 1272 quamne

146 1276 201 1341 post
210 1277 330 1325 Valentem
342 1293 368 1324 ac
376 1276 494 1326 Caecinsm
505 1291 656 1323 numeremur.
687 1276 726 1323 Ne
736 1279 814 1323 tamen

145 1342 281 1391 Mucianum
292 1343 378 1389 socium
395 1343 512 1405 spreveris,
528 1343 581 1402 quia
596 1342 702 1389 aemuium
714 1355 761 1387 non
772 1356 814 1388 ex·

86 1426 89 1435 ‘
146 1409 239 1472 periris:
258 1410 295 1455 me
306 1406 399 1454 Vitellio
410 1408 636 1469 anteponotemibi.
667 1406 815 1454 Tuaedomui

147 1473 281 1536 triumphale
296 1488 386 1527 nomen,
403 1475 562 1535 duojuvenes,
578 1487 650 1535 capax
662 1474 710 1536 Jam
727 1471 816 1534 imperii

147 1538 210 1592 alter,
219 1537 243 1584 'et
250 1538 327 1599 primia
335 1539 420 1585 militiae
428 1539 494 1585 annis
500 1539 559 1601 apud
568 1539 718 1586 Germanicos
725 1545 816 1599 quoque

119 1625 120 1628 ¹
146 1604 259 1650 exercitus
275 1603 355 1650 clarus.
387 1603 516 1650 Absurdum
531 1603 605 1658 fuerit,
622 1603 815 1650 concederem·

145 1667 210 1732 perio
221 1668 249 1722 ei,
256 1669 328 1730 ¹cujus
338 1668 409 1714 filium
425 1668 570 1730 adoptaturus
584 1683 664 1724 essern,
682 1669 700 1715 si
710 1669 760 1730 ipse
771 1669 815 1714 im-

118 1735 119 1740 ’
146 1732 256 1795 ρὲτατοηι.
289 1731 404 1780 Oaeterum
416 1735 475 1780 inter
485 1748 527 1780 nos
538 1749 583 1780 non
591 1735 650 1780 idern
656 1737 815 1796 prosperarum

147 1797 336 1858 adversarumque
347 1813 421 1844 rerum
433 1799 488 1844 ordo
499 1800 549 1846 erit
582 1799 651 1853 Nam,
668 1799 815 1853 sicincirnus,

148 1862 266 1919 honorem,
283 1878 350 1922 quem
362 1863 454 1919 dederis,
472 1865 567 1911 habebo:
586 1865 705 1910 discrimen
713 1865 815 1925 ‘seperi-

148 1925 200 1973 cula
210 1940 240 1972 ex
250 1941 315 1986 aequo
325 1925 456 1988 patierriur:¹
467 1929 546 1982 immo,
556 1936 582 1976 ut
591 1929 672 1975 melius
683 1935 724 1984 est,
735 1936 762 1974 tu
773 1930 816 1974 bos

148 1992 262 2039 exercitus
279 2007 353 2054 teger
368 1994 423 2039 mihi
439 1993 523 2040 bellum
542 2001 566 2040 et
582 1995 712 2056 proeliorum
724 1993 818 2040 'incerta

147 2057 219 2104 trade.
240 2057 347 2107 citeriore
357 2059 423 2105 hodie
434 2058 551 2120 disciplini
561 2059 621 2111 victi,
630 2073 697 2119 quam
709 2059 818 2112 victores,

148 2129 234 2184 aguntz
249 2123 290 2170 hoa
302 2123 341 2178 ira
353 2123 435 2178 odium,
448 2123 540 2170 ultionis
551 2124 659 2185 cupiditas
670 2123 697 2169 ad
706 2124 817 2170 virtutem

147 2187 265 2234 accendit:
284 2187 326 2242 illi·
341 2187 502 2252 mrssmtidium
512 2196 535 2235 et
545 2187 721 2244 contumaciam·
735 2189 818 2234 hebes·

119 2263 121 2272 ’
149 2257 217 2298 cunt.⁴
244 2251 338 2313 Aperiet
354 2260 377 2298 et
394 2252 494 2301 recludet
510 2260 615 2300 contecta
628 2260 652 2300 et
669 2254 822 2300 tumescentia

148 2317 276 2362 victricium
283 2318 380 2376 partium
390 2319 484 2365 vulnera
497 2319 580 2365 bellum
590 2320 673 2380 ipsum.
700 2317 753 2364 Nec
763 2318 821 2366 mibi

149 2381 255 2441 mp'or-in
266 2379 306 2426 tui
316 2381 440 2442 vigilantii·
455 2385 598 2445 patrimonii,
610 2382 823 2446 sapientidsiiducia

149 2448 192 2498 est,
209 2459 277 2504 quam
288 2445 312 2490 iu
323 2445 410 2492 Vitellii
421 2455 519 2510 torpore,
535 2448 632 2505 inscitia,
649 2447 745 2496 servitii.
775 2449 823 2496 Sed

150 2515 174 2554 et
182 2509 298 2555 meliorem
309 2511 332 2556 in
343 2511 402 2557 bello
410 2527 508 2568 oaumm,
519 2529 587 2574 quam
597 2515 621 2560 in
628 2529 689 2576 pace,
697 2515 821 2562 babemus:

149 2574 251 2632 namqui
263 2573 391 2631 deliberant,
409 2577 576 2625 desciverunt.”

145 2663 148 2670 ·
174 2636 332 2690 ‹axxvlln
349 2640 410 2690 Post
423 2643 528 2694 Muciani
542 2642 825 2702 cratinum-caterina·
