1834 2900
166 121 198 166 42
253 112 501 201 HisTORIARum
509 113 562 163 Lm.
571 114 592 162 I.
600 112 660 163 Cur.
667 115 706 163 77.
716 120 747 158 U·
754 120 780 160 c.
787 121 833 163 ιιι.

168 245 237 292 'verba
247 242 345 290 Othonis
360 245 472 298 obstricta,
488 244 526 290 diu
541 245 637 291 mansit:
657 260 769 306 ιιιιιιιιιιιιιι
779 246 833 293 tides

170 315 209 358 aut
220 323 297 364 am0r;
314 315 376 354 metu
387 324 413 356 uc
424 310 557 356 necessitste
566 310 610 356 huc
621 309 674 356 illuc
684 313 834 358 mutabuntur.

91 405 95 411 .
171 373 258 420 Eadem
276 371 373 418 formido
390 375 527 436 provinciam
538 373 708 422 Narbonensem
721 376 750 421 sd
761 375 835 422 Vitel-

170 437 226 484 lium
245 437 317 488 vertit.
334 436 393 484 lucili
409 439 503 485 transitu
513 438 542 484 ad
551 439 666 499 proximos
676 447 700 485 et
709 440 835 487 validiores.

174 500 318 564 Longinquae
339 503 468 563 provinciae,
485 510 509 549 et
527 502 632 562 quidquid
650 517 764 550 armorum
783 506 838 551 mari

173 565 291 623 dirimitur,
307 581 377 628 penes
394 567 509 614 Othonem
528 568 660 623 munchent3
677 583 723 613 non
741 571 837 628 pestium

173 631 262 688 studi0;
279 632 319 678 sed
334 639 382 678 erut
389 633 474 694 grande
484 629 622 678 momentum
632 632 657 677 in
667 633 758 678 nomine
771 632 839 680 Urbis

176 711 202 742 ac
219 702 331 756 praetextu
348 697 453 742 senatus:
472 703 496 742 et
512 704 659 758 occupaverat
675 697 762 744 animus
780 698 840 758 prior

174 761 270 808 auditus.
302 759 422 807 Judaicum
444 761 567 807 exercitum
589 760 748 821 Vespasianus,
766 763 840 823 Syrie

173 825 275 886 legiones
286 823 414 880 Mucianus,
426 833 564 872 sacrarnento
575 825 672 871 Othonis
679 824 784 888 adegere
802 828 838 874 Si·

99 913 103 920 ¹
170 889 224 937 mul
235 889 352 950 AEgyptus
362 904 484 950 omnesque
494 905 566 937 versae
576 891 600 936 in
610 889 729 936 Orientem
745 893 838 952 provin·

175 956 218 1000 cire
236 954 327 1000 nomine
345 954 393 1015 ejus
412 956 550 1001 tenebantur.
584 953 647 1001 Idem
670 953 755 1002 atrise
769 958 840 1009 ohse-

175 1018 259 1078 quium,
276 1018 340 1064 initio
351 1033 365 1064 a
376 1017 514 1080 Carthagine
524 1026 581 1066 orto.
614 1017 697 1079 Neque
710 1018 842 1081 exspectati

176 1081 282 1143 Vipstani
304 1082 436 1144 Aproniani,
451 1085 598 1145 proconsulis,
614 1084 752 1137 auctoritate,
770 1083 840 1132 Cres·

176 1161 237 1202 cens,
254 1146 353 1194 Neronis
370 1148 469 1203 libertus,
487 1149 551 1211 (nam
562 1155 586 1194 et
596 1149 619 1194 hi
629 1148 695 1194 malis
704 1151 842 1209 temporibus

175 1218 261 1275 mmem
273 1227 297 1258 se
308 1213 433 1274 reipublicae
442 1211 539 1273 faciunt)
550 1213 641 1276 epulum
656 1212 721 1273 plebi,
737 1214 768 1259 oh
783 1213 842 1261 laeti·

176 1277 231 1324 tiam
242 1278 337 1324 recentis
347 1277 441 1338 imperii,
455 1278 566 1324 obtulerat
575 1295 583 1334 ς
597 1284 621 1323 et
630 1277 726 1338 populus
736 1278 842 1340 pleraque

176 1343 226 1390 sine
237 1343 304 1388 modo
314 1341 434 1388 festinavit
468 1340 628 1404 Carthaginem
636 1349 726 1388 caeterre
738 1343 841 1390 civitates

176 1414 268 1454 secutse.
302 1405 339 1455 sie
354 1407 465 1454 districtis
476 1407 609 1455 exercitibus
619 1420 645 1453 ao
656 1406 785 1469 provinciis,
799 1407 841 1455 Vi-

175 1472 238 1519 tellio
253 1472 342 1532 quidem
359 1472 387 1519 ad
404 1473 561 1534 capessendam
575 1471 710 1542 principatus
726 1471 841 1519 fortunam

175 1536 234 1583 bello
246 1551 302 1597 opus
313 1543 368 1583 erat.

212 1598 345 1647 LXXVII.
363 1602 433 1659 Otho,
444 1602 505 1649 utin
515 1599 587 1648 multi
596 1615 658 1663 pace,
669 1601 746 1648 munia
755 1572 843 1665 imperii

176 1666 264 1723 ohihat,
287 1666 389 1727 quaedam
411 1682 440 1713 ex
459 1667 569 1743 digpitate
586 1666 718 1727 reipublice,
735 1667 843 1727 pleraque

177 1738 256 1779 contra
272 1732 340 1777 decus
356 1746 386 1777 ex
399 1733 505 1793 praeseuti
519 1747 561 1778 usu
576 1731 722 1792 properando.
754 1730 844 1778 Consul

178 1810 229 1841 cum
241 1794 332 1841 Titiano
341 1794 411 1842 fratre
418 1797 441 1841 ιιι
451 1795 547 1843 Kalend.
555 1795 716 1857 Murtissipse,
726 1796 844 1871 proximos

178 1873 268 1906 menses
279 1858 390 1920 Verginio
401 1860 503 1913 destinat,
521 1868 546 1907 ut
562 1860 652 1921 aliquod
662 1860 770 1907 exercitui
781 1862 843 1908 Ger·

178 1925 267 1971 manico
279 1924 460 1971 delenimentum.
487 1924 596 1987 lungitm
607 1924 718 1987 Verginio
729 1922 844 1987 Poppaeus

178 1986 299 2051 Vopiscus,
310 1996 421 2052 praetextu
430 1991 514 2037 veteris
524 1990 643 2037 amicitie·
635 1988 800 2051 ,plerique
794 2005 843 2037 ren-

177 2055 282 2101 nentium
288 2055 367 2101 honori
374 2056 459 2112 datum,
468 2055 674 2117 interpretabantur.
690 2052 776 2102 ceteri
786 2069 843 2131 cpu-

178 2119 264 2167 sulatus
274 2134 304 2167 ex
314 2120 464 2167 destinatione
478 2113 578 2165 Neronis
591 2124 631 2165 aut
641 2118 722 2165 Gelbae
732 2132 844 2166 mansere.

177 2181 252 2232 Caelio
263 2200 288 2230 ac
300 2183 379 2230 Flavio
391 2185 480 2231 Sabinis
489 2185 513 2230 in
523 2183 603 2238 Julius,
614 2182 683 2230 Arrio
691 2182 844 2230 Anmninoet

177 2248 254 2297 Mario
266 2248 335 2297 Celso
346 2249 369 2294 in
382 2249 546 2309 Septembresr·
555 2263 649 2309 quorum
667 2248 746 2294 honori
757 2262 787 2294 ne
799 2247 842 2295 vt-

177 2313 252 2359 tellius
268 2313 357 2372 quidem
375 2313 591 2360 victorintercessit.
622 2311 843 2374 SedOthopontih·

176 2382 242 2423 catus
252 2383 419 2437 auguratusque
429 2378 597 2439 honoretisjsm
614 2378 709 2430 senibus,
726 2378 843 2425 mimulrun

176 2440 298 2499 dignitatis,
315 2440 411 2487 addidit:
430 2448 454 2487 et
464 2456 543 2487 recens
557 2442 586 2487 ab
595 2442 675 2487 exsilio
685 2456 789 2492 mersos
800 2458 844 2489 ιιο·

168 2502 231 2551 ,biles
248 2504 426 2552 adolescentulos
442 2506 509 2552 avitis
518 2519 546 2551 ae
555 2506 654 2566 paternis
663 2505 825 2559 sacerdotiis*
819 2521 842 2553 sn

162 2566 286 2621 ·solatium‚
311 2569 429 2615 recoluit·
426 2568 558 2617 ·Redditus
581 2567 653 2617 Cadio
673 2568 745 2631 Rufo,
770 2568 843 2618 Pedio

109 2649 118 2663 ’
174 2628 265 2687 ulem.
276 2632 360 2681 Serico
377 2632 485 2682 Pomtino
501 2633 625 2683 senatorius
639 2622 710 2690 locus
726 2635 766 2695 qui
777 2648 842 2699 repe·
