1834 2900
115 107 141 148 J.
148 106 175 148 c·
184 109 219 154 ⁷0·
240 104 487 156 HISTORIARUM
497 103 578 154 InnI.
586 103 694 156 Car-24.
753 106 784 154 1⁵

113 234 229 291 libidines,
242 237 307 284 arido
316 237 400 292 talium
410 236 534 291 clauderet,
545 242 620 283 utana
629 241 782 291 onestantes3

114 301 284 362 quIescentiut
294 303 371 356 aIiena,
381 302 554 363 exprobrabunt:
573 301 704 364 urgentibus
713 300 782 346 etiam

114 367 290 421 anathematicis,
306 367 359 413 dum
375 381 447 413 novos
463 373 545 419 motus,
558 373 582 412 et
597 366 681 413 clarum
696 363 782 412 Othoni

118 445 213 485 aunum,
225 431 378 478 observatione
393 432 499 485 siderum,
509 430 632 476 affirmant:
650 445 723 490 genua
738 429 781 476 ho·

117 495 207 542 aninum
223 497 349 556 potentibus
364 495 465 548 infidum,
480 495 619 556 sperantibus
634 495 708 548 fallax,
721 489 792 554 quod

117 559 144 605 in
156 558 246 606 civitate
260 559 337 608 nostri
349 568 374 606 et
383 561 494 608 vetabitur
508 574 602 620 semper,
612 566 637 605 et
646 559 784 605 refinebitur.

120 622 211 672 Multos
233 633 319 672 secreta
337 624 444 688 Poppaeae
464 624 641 677 mathematicos,
660 625 784 684 peninum

118 688 255 751 principalis.
265 687 401 736 mairimouii
420 692 600 742 instrumentum,
616 688 751 734 habueram:
769 701 783 732 e

116 753 200 814 quibus
212 753 358 810 Ptolemaeus,
370 754 456 814 Othoni
471 755 494 800 iu
506 749 618 815 IIispanii
631 766 714 804 comes
730 765 782 797 cunr

116 818 287 880 superfuturum
303 835 354 866 eum
366 818 452 866 Neroni
468 819 612 879 promisisset,
618 824 742 878 postquam
755 828 785 862 ex

118 891 203 930 eventu
214 883 275 938 fides,
283 881 409 946 conjectura
416 885 464 946 jam
474 890 498 929 et
508 898 596 930 rumore
605 882 694 928 aenium
703 879 784 928 Galbae

117 949 269 1010 etjuventam
278 947 376 994 Othonis
383 948 566 1010 computantium,
573 952 720 1009 persuaserat,
726 943 783 999 fore,

120 1020 146 1058 ut
162 1013 186 1058 in
202 1014 319 1074 imperium
336 1013 503 1061 adscisceretur.
536 1012 581 1059 Sed
592 1012 653 1059 Otho
670 1018 784 1071 tamqnam

119 1076 201 1138 peritii
211 1085 235 1124 et
244 1079 332 1124 monitu
346 1077 443 1126 fatorum
457 1077 564 1138 predicta
578 1077 705 1138 accipiebat,
720 1074 783 1136 cupi-

120 1141 174 1187 dine
184 1142 267 1204 ingenii
279 1143 370 1188 humani
382 1141 485 1188 libentius
493 1142 587 1188 obscura
593 1141 705 1188 credendi·
730 1137 783 1186 Neu

117 1205 198 1252 deerat
210 1205 354 1260 Ptolemaeus,
361 1207 409 1267 jam
421 1212 445 1252 et
454 1207 545 1253 sceleris
552 1205 678 1262 instinctor,
685 1203 714 1251 ad
724 1203 785 1264 quod

118 1269 227 1318 facillime
237 1273 265 1318 ab
276 1272 384 1333 ejunnodi
395 1278 449 1318 soto
460 1271 573 1318 transitur.
713 1297 715 1301 .

153 1334 255 1384 XXIII.
273 1335 682 1398 Sedsceleriscogitatioincertumau
689 1346 781 1395 repens:

120 1401 195 1448 studia
210 1402 307 1448 militurn
316 1401 364 1464 Jam
375 1400 467 1463 pridem,
478 1416 519 1463 spe
528 1399 683 1455 successionis,
694 1405 733 1444 aut
743 1411 783 1459 pn·

120 1465 298 1521 ratu-facinoris,
310 1466 466 1523 affectaverat3
482 1466 507 1512 in
517 1466 602 1521 itiitere,
613 1465 638 1511 in
650 1463 749 1525 agmine,
761 1462 785 1509 in

118 1531 259 1587 stationibus,
271 1531 447 1579 vetustissimum
458 1545 570 1591 quenrque
582 1531 679 1577 militum
693 1528 785 1586 nomine

118 1610 213 1651 vocans,
224 1610 257 1651 ac,
269 1593 378 1643 memorii
387 1595 513 1643 Neroniani
527 1594 652 1648 comitatila,
663 1592 784 1640 contuber-

119 1661 183 1707 nales
201 1661 346 1723 appelland03
360 1661 418 1708 alios
437 1674 566 1723 agnoscere,
582 1659 691 1719 quosdam
708 1655 784 1716 requi·

119 1740 177 1782 rere,
189 1731 213 1772 et
223 1724 317 1787 pecunid
327 1732 366 1771 aut
375 1724 450 1787 gratih
457 1725 552 1787 juvare:
571 1722 691 1771 inserendo
702 1720 785 1782 amplus

119 1791 221 1849 querelas
239 1798 262 1837 et
273 1790 395 1853 'ambiguas
414 1790 441 1837 de
459 1787 533 1837 Galbd
548 1803 669 1843 sermones,
688 1799 784 1847 quaeque

119 1854 163 1901 ulia
184 1856 325 1902 turbamenta
343 1856 414 1917 vulgi,
455 1854 555 1901 Labores
576 1854 688 1907 itinerum,
708 1850 785 1912 inopia

119 1926 293 1974 mnuneatuum,
305 1920 386 1967 duritia
396 1920 490 1983 imperii,
501 1920 599 1967 atrocius
613 1917 784 1980 accipiebantur,

118 1998 181 2039 num,
188 1982 319 2045 Campaniae
329 1984 391 2031 lacus
402 1992 425 2031 et
432 1984 527 2031 Achaiae
535 1984 601 2029 nrbes
608 1984 715 2029 manuus
723 1980 785 2025 adire

119 2049 187 2104 soliti,
199 2049 337 2109 Pyrenaeum
348 2056 371 2097 et
382 2049 454 2111 Alpes
464 2056 488 2095 et
497 2050 608 2094 immensa
617 2048 704 2094 riarum
712 2043 786 2106 spatia

117 2128 182 2175 segre
194 2114 235 2160 sub
246 2115 315 2161 armis
326 2114 471 2163 eniterentur.

154 2177 253 2225 XXIV.
273 2178 431 2239 Flagrantibus
447 2178 496 2239 jam
513 2176 610 2223 militum
627 2174 707 2223 smmis
724 2172 787 2221 velut

121 2241 181 2291 sanes
192 2244 307 2291 addiderat
317 2242 417 2291 Maevius
425 2243 545 2296 Pudenae
555 2241 663 2304 proximis
670 2238 786 2301 Tigellini.

118 2305 148 2355 ds
158 2308 328 2355 mobIIIssimum
339 2322 449 2369 quemque
459 2307 558 2368 ingenio,
569 2313 608 2353 aut
617 2305 719 2367 pecuniae
727 2302 786 2349 indi·

121 2386 185 2435 gum,
202 2380 225 2419 et
239 2368 262 2419 in
279 2388 349 2420 novas
364 2373 496 2436 cupiditates
511 2371 648 2433 praecipitem
661 2367 785 2419 alliciendo,

123 2452 151 2485 eo
160 2438 273 2499 paulatim·
283 2452 415 2499 progressus
427 2444 471 2491 est,
483 2442 510 2483 ut
519 2451 559 2497 per
572 2436 668 2495 speciem
680 2430 785 2481 convivii,

115 2504 211 2561 quoties
225 2502 298 2549 Galba
312 2504 370 2563 apud
380 2502 495 2548 Othonem
507 2501 639 2561 epularetur,
650 2494 737 2541 cohorti
747 2505 788 2537 ex·

125 2566 295 2627 cubiasaganti
314 2567 397 2613 viritim
415 2572 523 2610 centenos
541 2576 647 2608 nummos
664 2556 786 2625 divideret:

123 2644 192 2691 quarn
203 2632 267 2679 velut
277 2630 389 2693 publicam
403 2628 546 2691 largitionem
557 2624 620 2671 Otho
637 2614 792 2668 semetioubus
