1834 2900
97 115 195 162 acuo.
227 103 472 163 HISTORIARUM
482 114 561 163 Lan-I.
571 115 675 166 (lenm.
735 123 768 167 ⁴9

97 243 216 300 Monam,
233 251 256 292 et
267 244 354 292 atavitid
366 244 446 292 Galbae
456 246 480 291 in
491 244 614 294 custodiam
630 247 724 304 habitos,
740 249 765 295 in

99 325 209 357 numeras
225 309 322 370 legionis
339 317 508 370 composuerat,
524 309 584 358 farti
593 320 617 359 et
627 314 714 360 caeteris
725 327 765 375 spe

96 374 249 422 honoratioris
259 374 282 419 in
295 381 408 435 postemm
420 374 513 420 militiae.
545 376 638 423 Addidit
648 377 713 425 classi
724 393 763 424 ur·

97 440 171 486 banaa
189 439 297 492 cohortes,
314 445 337 484 et
350 438 470 499 plerosque
485 441 654 500 epraetoriania,
670 438 730 489 vires
739 449 764 489 et

95 503 169 550 robur
179 501 294 556 exercitds,
305 510 371 562 atque
381 503 436 563 ipsis
446 501 538 550 ducibus
548 505 666 551 consilium
677 513 701 552 et
711 521 763 553 cus-

96 567 172 616 todes.
191 567 282 613 Summa
292 567 439 628 expeditionis
450 569 552 614 lintoolo
562 568 668 623 Novello,
680 571 763 620 Suedio

98 629 221 686 Clementi,
231 631 407 692 primipilaribus,
419 631 514 678 AEmilio
526 631 628 687 Pacensi,
639 634 675 679 cui
685 635 761 681 adern-

94 705 146 743 tum
158 712 171 743 a
183 695 257 744 Galbd
267 696 403 742 tribunatum
415 696 547 753 reddiderat,
563 698 677 759 permissa.
711 697 761 746 Cu·

92 775 143 808 ram
155 762 245 806 navium
258 759 332 806 Oscus
339 759 432 806 libertus
439 761 555 817 retinebat,
565 762 594 809 ad
601 763 761 810 observandam

92 826 249 872 honestiorum
260 824 326 870 iidem
337 825 463 872 comitatus.
496 825 601 873 Peditum
618 827 762 888 equitumque

92 887 659 1017 tilld'ssilllnlllllsllldir'tt
670 891 761 1003 llll

92 1017 201 1073 Proculo,
217 1019 315 1079 praetorii
334 1016 454 1080 praefecto:
474 1019 493 1064 is
512 1021 603 1068 urbanae
618 1021 705 1068 militie
715 1022 758 1068 im-

91 1085 166 1145 piger,
185 1083 293 1129 bellorum
312 1083 418 1137 insolens,
436 1086 589 1141 auctoritatem
611 1084 705 1142 Paulini,
722 1087 757 1132 vi·

90 1163 174 1209 gorem
187 1146 256 1204 Celsi,
273 1146 423 1193 maturitatem
435 1148 506 1206 Galli,
523 1157 548 1196 ut
558 1151 638 1210 cuique
647 1158 701 1206 erat,
713 1151 757 1197 ari·

90 1213 208 1268 minando,
225 1212 284 1272 quod
295 1211 424 1259 facillimum
435 1211 496 1260 sactu
506 1222 548 1271 est,
563 1229 646 1276 pravus
656 1222 680 1262 at
695 1215 757 1262 calli·

89 1277 140 1331 dus,
157 1278 228 1323 bonos
240 1283 262 1322 et
273 1277 387 1322 modestos
397 1278 501 1325 anteibat
649 1278 653 1284 ⁴

125 1337 299 1387 LXXXVIII.
316 1341 431 1402 Sepositus
451 1358 493 1404 par
514 1358 553 1391 eos
570 1344 618 1390 dies
637 1342 757 1393 Cornelius

90 1405 247 1453 Dolabellam
259 1406 369 1453 coloniam
385 1407 530 1467 Aquinatem
547 1423 620 1473 neque
629 1407 693 1457 arcti
703 1424 755 1457 ous-
777 1430 780 1435 ⁴

88 1470 160 1524 todiri,
171 1486 243 1531 oeque
254 1468 362 1529 obscurd3
381 1472 467 1518 nullum
478 1475 507 1521 ob
516 1475 608 1529 crimen,
620 1475 755 1522 sedvetusto

89 1536 184 1582 nomine
195 1540 217 1581 et
227 1536 391 1597 propinquitate
400 1537 480 1586 Galbae
489 1547 632 1587 monstratus
665 1538 755 1586 Multos

88 1615 103 1647 e
114 1600 287 1661 magistratibus,
303 1615 409 1662 magnam
420 1603 569 1649 consularium
580 1612 673 1665 purtem,
684 1604 753 1659 Otlro,

86 1680 135 1711 non
152 1665 270 1727 participes
280 1666 318 1711 adt
329 1666 443 1713 ministros
452 1668 518 1722 bello,
535 1668 574 1713 sed
584 1668 691 1714 comitum
703 1682 754 1728 spe·

88 1730 131 1783 cie,
149 1744 225 1776 secum
244 1730 348 1791 expedire
362 1732 438 1792 jubet:
458 1733 483 1778 in
493 1734 543 1793 quis
553 1739 577 1778 et
588 1731 616 1778 L
627 1731 752 1788 Vitellium,

86 1794 168 1840 eodem
180 1810 225 1854 quo
236 1801 330 1841 caeteros
340 1796 410 1851 cultu,
422 1812 465 1843 nec
472 1804 497 1843 ut
505 1798 644 1859 Imperatoria
653 1797 752 1854 fratrem,

86 1874 131 1905 nec
143 1866 168 1905 ut
179 1860 256 1905 hostis
289 1857 364 1920 Igitur
371 1868 432 1908 mota
444 1860 514 1908 Urbis
524 1877 592 1909 cura:
611 1862 686 1910 nullus
696 1863 752 1909 ordo

86 1931 151 1971 metu
167 1931 205 1970 aut
221 1924 319 1984 periculo
336 1938 432 1972 vacuus:
451 1927 561 1989 primores
575 1928 666 1975 senatlls
685 1936 752 1975 {etate

85 1988 178 2034 invalidi
190 1996 213 2034 et
223 1988 292 2049 longai
301 2004 356 2051 pace
366 1990 468 2037 desides:
488 1993 564 2052 aegnis
582 1998 606 2039 ct
621 1994 690 2039 oblita
704 1992 753 2038 bel«

84 2053 160 2099 lorum
172 2053 290 2110 nobilitas;
308 2054 399 2115 ignarus
408 2056 496 2101 militiae
505 2070 587 2116 eques:
601 2063 685 2116 quanto
700 2070 749 2102 ma-

83 2118 121 2179 gis
133 2118 245 2164 occultare
253 2124 276 2164 et
286 2119 367 2165 abdere
376 2134 482 2181 pavorem
493 2120 626 2176 nitebantur,
643 2118 750 2167 manifes-

81 2182 128 2229 tius
137 2183 217 2245 pavidi.
249 2181 301 2229 Nec
312 2184 423 2231 deerante
433 2186 552 2238 contrario,
568 2187 613 2247 qui,
630 2185 750 2233 ambitione

82 2246 170 2301 stolidi,
188 2248 308 2308 conspicua
318 2263 386 2302 mma,
403 2250 504 2312 insignes
514 2264 591 2311 equos,
607 2252 697 2312 quidam
711 2250 747 2296 lu·

80 2313 185 2359 xuriosos
196 2310 314 2374 apparatus
325 2314 479 2361 conviviorum
491 2320 514 2361 et
523 2316 662 2363 irritamenta
675 2314 747 2361 libidi-

80 2392 143 2431 num,
155 2384 180 2423 ut
188 2377 336 2423 instrumenta
346 2378 404 2433 belli,
416 2388 575 2426 mercarentur.
607 2380 747 2443 sapientibus

80 2441 162 2501 quietis
173 2449 197 2488 et
208 2442 334 2503 reipublicae
345 2458 413 2489 cura:
432 2444 560 2491 levissimus
570 2445 663 2505 quiaque
671 2453 695 2490 et
709 2444 748 2488 fu-¹

78 2506 123 2551 turi
135 2507 279 2568 improvidus,
298 2520 337 2566 spe
346 2504 405 2553 vand
412 2513 518 2553 tumens:
536 2508 602 2553 multi
613 2505 749 2554 adlictdfide

79 2570 103 2617 in
115 2585 177 2633 paee,
194 2586 220 2618 ac
236 2572 329 2619 turbatis
346 2570 411 2619 reb'us
422 2571 513 2627 aloem
528 2580 553 2618 et
562 2584 604 2634 per
613 2572 699 2618 incerta
709 2574 747 2614 tu·

79 2635 168 2683 tissimi.
188 2676 191 2681 .
740 2650 745 2665 ¹

111 2714 164 2748 von.
176 2714 213 2746 ιιι.
546 2710 560 2741 r
