1834 2900
176 119 208 166 72
252 107 841 163 HISTORIARUMIra11.car.sr.u.c.ssa

175 243 251 292 dentii
267 259 344 290 eorum
362 257 429 289 nemo
445 247 553 294 uteretur,
568 240 628 285 inani
642 240 736 286 nomine
749 241 838 293 ducum,

175 310 254 357 alienae
265 309 337 370 culpae
347 307 547 369 praetendebantur.
578 303 674 350 Tnhuni
683 306 838 352 centuriones·

176 389 219 435 que
230 374 334 436 ambigui,
343 371 408 434 quod,
421 372 501 432 spretis
511 369 646 423 melionhus,
654 369 769 415 deterrimi
778 371 839 417 vate-

175 439 244 485 bunt:
263 437 327 484 miles
344 437 431 493 alacer;
448 435 486 496 qui
502 440 576 480 tainen
589 434 655 494 jussa
670 434 754 480 dueum
768 435 839 481 inter·

174 504 263 566 pretari
278 517 345 563 quarn
360 501 458 561 exsequi,
474 499 559 555 mmet.
590 497 722 544 Promoveri
734 499 764 545 ad
774 515 840 560 quar·

175 575 224 617 tum
239 584 253 615 a
271 567 381 614 Bedriaco
398 572 471 612 castra
487 564 584 625 placuit;
601 562 657 608 adeo
674 563 786 624 imperite,
809 571 840 618 ut,

176 648 310 694 quamquam
324 646 394 680 remo
409 637 510 691 tempore
520 628 579 682 anni,
591 635 614 672 et
625 634 659 673 tot
669 627 755 674 nircum
766 629 840 675 amni·

173 700 223 754 bus,
234 695 328 761 penurih
338 710 402 757 aquoe
415 693 569 755 fatigarentur.
603 690 637 737 lbi
648 691 676 737 de
686 692 769 752 proelio
778 694 842 740 dubi·

175 771 262 821 tatum;
280 762 372 808 Othone
381 774 421 822 per
430 759 506 804 literas
516 756 638 818 flagitante,
650 765 676 802 ut
686 763 827 804 maturarent
833 773 845 814 3·

176 829 290 881 militibus,
302 833 327 871 ut
342 826 463 886 imperator
477 836 562 884 pugnae
573 821 667 874 adesset,
678 823 840 882 possenthrusr

176 893 276 956 plerique
287 890 362 950 copias
378 898 440 934 trans
452 886 539 932 Padum
556 893 651 947 agentes
660 886 728 931 acciri
739 887 841 946 postula·

176 960 237 1005 bant
270 953 321 1000 Neo
337 952 428 1015 perinde
443 951 557 1013 dijudicari
567 956 648 1010 potest,
665 949 718 1009 quid
729 951 841 1010 optimum

176 1022 237 1070 factu
248 1019 321 1072 fuerit,
333 1033 398 1077 quarn
409 1017 531 1077 pessimum
541 1013 620 1070 fuisse,
630 1014 691 1072 quod
701 1012 789 1060 iactum
800 1024 842 1062 est.
897 1066 898 1075 p

211 1083 266 1130 XL.
282 1082 370 1128 Nonut
381 1081 408 1128 ad
419 1095 525 1143 pugnam.
540 1079 580 1125 sed
596 1077 625 1124 ad
640 1078 775 1132 bellandum,
787 1095 841 1141 pro-
897 1094 898 1119 ;

175 1150 236 1204 fecti,
244 1146 382 1194 confluentes
390 1145 446 1191 Padi
454 1151 478 1191 et
485 1143 574 1190 Adduae
581 1141 708 1198 fluminum,
716 1141 782 1189 XVI
791 1145 843 1190 inde

177 1215 272 1263 millium
292 1212 363 1273 spatio
381 1210 496 1262 distantes,
513 1208 624 1270 petebant.
657 1205 728 1254 Celso
739 1215 763 1254 et
781 1208 842 1256 Pau-

176 1281 223 1328 lino
234 1277 385 1330 abnuentibus,
397 1273 490 1320 militem
500 1273 580 1318 itinere
585 1271 676 1326 fossum,
685 1273 781 1319 sarcinis
788 1288 841 1335 gra-

177 1360 237 1400 vem,
249 1343 344 1406 objicere
354 1339 420 1394 hosti,
431 1353 478 1384 non
489 1338 619 1392 admissuro,
630 1352 675 1397 quo
685 1337 762 1383 minus
773 1353 842 1400 expe-

177 1405 244 1464 ditus,
256 1416 278 1455 et
290 1407 329 1453 vix
339 1413 433 1466 quatuor
450 1402 520 1449 millia
535 1416 640 1464 passuum
650 1415 793 1464 progressus,
804 1411 842 1450 aut

177 1472 338 1534 incompositos
348 1472 372 1517 in
380 1470 476 1532 agmine,
488 1474 527 1514 aut
536 1468 648 1528 dispersos
658 1474 681 1513 et
691 1467 777 1513 vallum
791 1483 841 1514 mo-

175 1540 256 1587 lientes
267 1535 433 1598 aggrederetur.
460 1532 565 1579 'litianus
573 1537 598 1578 et
609 1530 726 1585 Proculus,
737 1533 777 1579 nbi
788 1548 842 1579 con·

176 1604 232 1653 siliis
239 1604 388 1654 vincerentur,
402 1599 430 1645 ad
444 1599 482 1661 jus
492 1596 580 1659 imperii
593 1596 723 1643 transibant.
755 1596 842 1644 Aderat

176 1684 231 1717 sane
242 1668 299 1714 citus
310 1680 367 1725 equo
378 1661 652 1710 Numidacumratrooibus
662 1660 782 1716 mandatis,
792 1662 841 1723 qui·

177 1736 220 1780 bns
231 1732 301 1785 Otho,
312 1726 419 1791 increpiti
430 1728 511 1774 ducum
518 1723 620 1788 seguitid,
627 1740 674 1773 rem
685 1726 708 1771 in
720 1725 841 1773 discrimen

177 1798 237 1845 mitti
248 1796 349 1852 'ubebat3
367 1808 428 1855 aeger
436 1789 506 1846 moni,
517 1799 540 1837 et
550 1791 597 1852 spei
607 1790 735 1852 impatiens.

261 1858 280 1906 Ι.
297 1859 385 1907 Eidem
396 1857 439 1914 die,
457 1856 486 1902 ad
497 1853 619 1909 cecinam,
638 1855 700 1917 operi
718 1856 796 1917 pontis
806 1856 841 1903 in·

178 1933 276 1982 tentum,
294 1925 338 1971 duo
355 1921 509 1985 praetoriarum
523 1920 648 1966 cohortium
665 1919 754 1974 tribuni,
769 1920 841 1968 collo·

178 1992 255 2054 quium
273 1991 321 2053 ejus
339 1987 487 2051 postulantes,
504 1992 622 2031 venerunt·
656 1983 745 2030 Audire
762 1986 840 2032 condi-

177 2058 251 2105 tiones
261 2070 287 2102 ac
295 2054 386 2101 reddere
393 2052 489 2114 parabat,
498 2065 550 2098 oum
557 2048 682 2111 precipites
688 2047 842 2109 exploratores

177 2124 255 2169 adesse
272 2122 360 2166 hostem
375 2112 514 2164 nuntiavere.
546 2112 686 2175 Interruptus
699 2114 840 2161 tribunorum

178 2202 266 2243 sermo;
284 2198 356 2244 eoque
366 2184 477 2228 incertum
487 2178 536 2233 suit,
543 2178 634 2225 insidias
644 2193 673 2224 an
683 2177 839 2238 proditionem,

175 2252 212 2299 vel
224 2248 312 2311 aliquod
328 2249 448 2293 honesturn
466 2243 583 2290 consilium
598 2242 752 2305 ooeptavsrint.
786 2240 840 2293 Caee

176 2316 233 2369 cina,
246 2315 342 2360 dimissis
352 2310 453 2364 tribunis,
460 2315 563 2355 revectus
570 2308 594 2353 in
602 2314 680 2361 castra,
692 2306 769 2354 datum
773 2308 839 2370 jusrn

177 2378 241 2426 Fabii
252 2377 356 2423 Valentis
371 2389 455 2435 pugnae
474 2373 571 2434 signum,
589 2379 613 2418 et
627 2371 721 2417 militem
738 2372 762 2417 in
772 2372 839 2419 umis

176 2443 270 2489 invenit.
301 2439 365 2486 Dum
382 2438 485 2498 legiones
495 2437 524 2482 de
534 2436 612 2482 ordine
628 2436 726 2497 agminis
741 2438 839 2483 sortiam-

176 2514 219 2560 tur,
231 2505 316 2564 equites
333 2499 464 2565 prorupere:
484 2507 514 2555 et,
529 2502 611 2546 mirum
626 2499 694 2555 dictu,
705 2502 839 2561 spauciori·

176 2571 217 2615 bus
229 2568 364 2615 Othonianis
380 2580 425 2625 quo
436 2566 511 2610 minus
520 2565 544 2609 in
554 2564 638 2610 vallum
655 2565 841 2626 impingerentur,

177 2632 263 2681 Italica
281 2631 378 2695 legionis
394 2630 478 2677 virtute
494 2628 595 2690 deterriti
612 2636 679 2676 sunt:
706 2641 740 2685 es,
758 2631 842 2679 strictis
