1834 2900
95 104 191 152 nesto·
212 100 682 154 Hisromsnutnmucmso
730 105 762 150 77

90 231 146 280 Non
155 235 215 282 enirn
223 233 301 281 ultimi
309 233 471 297 desperatione,
487 234 527 281 sed
537 241 644 296 poscente
651 233 758 296 proeliunn

88 300 196 354 exercitu,
221 299 334 346 remisisse
354 299 482 362 reipublice
503 299 650 347 norisnmum
671 314 757 348 casum.

89 364 150 412 snus
160 365 202 410 sibi
214 363 318 418 nominis,
334 365 387 412 satis
397 366 494 426 posteris
504 365 551 412 sais
561 365 683 412 nobilitatis
693 380 757 426 quae·

88 429 172 478 situm:
191 427 330 490 postJulios,
348 427 463 484 Claudios,
480 429 578 484 Servios,
589 431 720 492 septimum
731 430 756 476 in

85 492 196 542 familiam
207 508 289 542 novam
308 494 424 556 imperium
439 494 557 542 intulisse:
576 495 670 556 proinde
679 504 755 541 erecto
814 495 818 503 '

88 559 166 606 animo
174 566 299 620 capesseret
310 560 386 616 vitam,
404 574 455 614 neu,
472 567 577 621 patruum
588 559 629 606 sibi
640 559 755 606 Othon-

85 622 164 676 suisee.
180 631 220 670 aut
237 624 404 673 oblivisceretur
420 639 526 686 nuquam,
542 630 583 670 eut
596 624 690 679 nimium
706 638 755 670 me-

86 689 196 738 misisset

119 752 216 803 XLIX.
234 752 293 800 Post
306 769 364 814 quae,
380 754 473 802 dimotis
489 754 599 808 omnibus,
615 753 707 816 peulum
718 768 754 801 re·

85 819 186 880 quievit:
205 825 273 879 atque
283 819 353 874 illum,
370 820 542 880 supremasjam
553 833 618 866 curas
628 819 703 866 animo
712 834 754 864 vo·

84 883 204 938 letantem,
221 899 301 944 repens
312 883 422 932 tumuitus
432 885 522 942 evertit,
536 881 639 930 nuntiati
652 885 762 930 constern'

85 948 179 995 natione
190 963 216 994 ac
227 946 317 994 licentis
327 949 437 995 militum:
457 964 554 1025 namque
563 948 694 996 abeuntibus
704 949 754 996 exi·
759 991 763 1006 ,

85 1013 143 1060 tium
163 1013 336 1071 minitabantur,
360 1011 528 1070 atrocissimi
521 1028 545 1061 m
565 1013 700 1076 Verginium
722 1013 754 1068 vi,

85 1093 162 1138 quem,
174 1075 250 1124 clausi
257 1077 331 1136 domo,
343 1079 484 1126 obsidebant.
511 1077 760 1140 Increpitisseditionis.

85 1142 222 1197 auctoribus,
246 1158 369 1204 regressus,
392 1143 481 1191 vacavit
498 1143 627 1191 munuum
643 1143 752 1206 alloquiis,

85 1208 160 1254 donec
168 1221 245 1254 omnes
255 1207 354 1255 inviolati
365 1208 542 1270 digrederentur.
575 1207 761 1270 vesperascente.

84 1273 127 1328 die,
145 1272 206 1318 sitim
217 1272 298 1320 haustu
311 1273 392 1335 gelidae
409 1288 475 1333 aquae
491 1274 590 1320 sedauit:
610 1280 665 1326 tum,
681 1273 754 1320 allatis

83 1337 221 1400 pugionibus
235 1338 327 1392 duobus,
346 1353 397 1384 cum
414 1345 533 1399 utrumque
547 1335 702 1400 pertentium,
719 1337 753 1382 al·

84 1410 160 1451 terum
180 1403 246 1465 capiti
266 1403 375 1450 subdidit:
396 1409 419 1450 et
436 1403 559 1466 explorato,
571 1404 620 1465 jam
639 1400 755 1465 profectos

84 1468 179 1523 ennicos,
195 1475 285 1515 noctem
303 1468 410 1529 quietam,
425 1475 502 1529 utque·
510 1468 639 1523 affirmatur
656 1482 702 1515 non
717 1469 753 1515 in·

84 1547 190 1581 somnem
200 1533 261 1594 egit.
281 1532 332 1579 luce
348 1531 427 1595 primi,
442 1534 467 1579 in
482 1532 566 1580 ferrum
584 1543 674 1610 pectore
687 1534 753 1581 incu-

82 1598 140 1643 buit.
175 1596 213 1643 Ad
233 1598 343 1659 gemitum
363 1599 480 1645 morientis
497 1598 595 1659 ingressi
611 1598 685 1646 liberti
704 1614 754 1646 ser·

82 1663 161 1723 viqise.
177 1668 201 1709 et
213 1660 300 1709 Plotius
315 1654 412 1718 Firmus,
429 1664 528 1726 pretorii
539 1663 665 1725 praefectus,
682 1678 753 1710 ιιιιιιιιι

82 1726 191 1775 vulnus
184 1742 299 1777 invenere.
331 1726 411 1775 Funus
428 1737 579 1776 maturatum·
598 1728 721 1775 ambitiosis
731 1728 756 1775 id

82 1793 187 1855 precibus
201 1793 302 1853 petiemt,
319 1808 348 1839 ne
358 1801 511 1856 amputaretur
520 1801 594 1856 caput,
610 1793 705 1841 ludibrio
715 1792 753 1841 fu·

82 1866 168 1905 turum.
201 1856 285 1911 Tulete
296 1874 376 1919 corpus
386 1860 500 1920 praetoriae
510 1861 620 1914 cohortes,
638 1874 690 1905 cum
703 1859 752 1907 lan·

83 1922 150 1969 ddum
158 1928 181 1969 et
191 1922 303 1983 lacrymis,
310 1924 392 1971 vulnus
400 1938 525 1985 manusque
532 1926 580 1987 ejus
588 1924 753 1973 exosculantes.

84 1986 186 2043 Quidam
200 1988 297 2034 militum
308 1990 377 2050 juxta
394 2004 476 2049 rogum
492 1986 625 2035 interfecere
642 2005 681 2046 se3
705 2004 752 2036 non

81 2050 152 2109 nond,
169 2068 243 2113 neque
260 2054 288 2099 ob
306 2064 398 2109 metum,
416 2054 455 2100 sed
466 2054 609 2102 aemulatione
619 2054 713 2105 decoris,
730 2061 754 2101 et

81 2118 176 2165 caritate
197 2118 318 2179 principis:
345 2133 371 2165 ac
393 2126 472 2181 postea
494 2119 620 2180 promiscue
641 2116 753 2174 Bedriaci,

82 2181 215 2237 Plaoentioe,
231 2183 325 2243 aliisque
341 2182 365 2229 in
383 2184 472 2241 cestris,
488 2184 625 2231 celebratum
642 2182 665 2229 id
679 2198 753 2245 genus

82 2249 171 2297 mortis.
205 2247 291 2295 Othoni
303 2248 430 2309 sepulcrum
441 2256 582 2297 exstructum
593 2255 628 2295 est
638 2249 760 2296 modicum.

80 2322 104 2361 et
115 2328 256 2361 mansurum.

115 2377 145 2425 L.
163 2377 235 2425 Hunc
253 2378 307 2425 vitae
323 2376 393 2425 finem
410 2379 487 2426 habuit
500 2379 596 2441 septimo
606 2386 630 2424 et
641 2378 754 2425 tricesimo

80 2444 156 2491 ectetas
164 2458 231 2491 anno
265 2443 378 2505 Origoiiii
390 2443 677 2505 emunicipioFerentino.
690 2450 755 2505 pater
805 2498 810 2507 Δ

81 2508 219 2557 consularis:
240 2509 435 2571 ernspraetorius:
455 2515 582 2555 metemnm
590 2508 754 2569 genusimpnr,
803 2508 806 2513 '

80 2588 124 2621 nee
136 2580 212 2620 tamen
224 2574 364 2621 indecorum.
396 2571 498 2620 Pueritid
511 2588 538 2619 nc
545 2570 649 2634 juventi,
666 2570 761 2629 qualem

80 2639 275 2699 nonnosum,
292 2638 380 2687 duobus
390 2636 534 2689 facinoribus,
542 2636 613 2743 appeto
624 2632 756 2694 flagitiosis·

518 2714 537 2744 11
