1834 2900
147 108 152 141 ’ἶ
172 116 220 161 100
252 112 835 166 msTomAnUMLmlecsrsauces

171 237 231 303 Ipse,
248 242 420 306 soli-perdendi
432 245 497 301 curi,
513 246 601 295 subtile
609 247 695 309 carrigio
705 249 832 293 exstruere:

170 307 255 355 circum
265 309 414 370 gladiatorum
425 310 567 372 ferarumque
583 312 716 374 spectaculis
731 311 833 373 oppleret

171 378 284 433 tamquam
296 374 319 420 in
331 372 419 421 summai
429 375 571 430 abundantii,
587 377 689 437 pecuniae
698 376 798 423 illudere.
830 432 833 437 Ι

147 496 150 503 y
204 435 284 485 XCV.
300 438 363 493 Quin
381 447 404 487 et
418 441 516 487 natalem
533 440 620 487 Vitellii
635 442 694 488 diem
707 439 835 489 Caecinaac

169 498 263 557 Valens,
280 504 346 550 editis
356 504 404 551 toti
416 504 481 552 Urbe
490 506 581 552 vicatim
591 505 759 567 gladiatoribus,
775 505 834 551 cele·

170 565 277 624 brevem
295 570 381 631 ingenti
392 576 478 631 paratu,
494 579 519 617 et
533 570 657 617 anteillum
668 571 727 618 diem
737 570 834 617 insolito.

171 628 263 678 Lectum
279 632 403 680 loedissirno
421 635 508 695 cuique,
524 635 583 697 apud
599 636 670 682 bonos
686 635 777 683 invidiae
787 634 835 689 luit,

171 697 237 756 quod,
255 699 374 745 exstructis
385 700 408 744 in
420 714 499 761 cernpu
511 699 597 747 Martio
609 700 661 755 aris,
677 699 768 746 inferias
785 698 834 747 Ne·

171 762 221 808 soni
238 760 343 809 lecisset:
363 778 429 809 caesae
447 765 535 825 publice
553 764 653 811 victim
670 772 832 824 tremulaeque:

169 824 242 873 lacem
260 827 399 889 Augustales
417 826 547 876 subdidere:
566 830 627 889 quod
637 829 793 883 sacerdotium,
810 837 835 875 ut

169 888 283 938 Romulus
294 890 361 938 Tatio
372 893 427 954 regi,
444 895 478 940 its
488 891 567 942 Caesar
577 893 681 941 'liberius
691 893 761 942 Juliae
770 895 835 955 genti

169 956 273 1002 sacravit.
305 955 413 1003 Nondum
424 968 517 1019 quartus
527 973 541 1005 a
551 957 646 1005 victorici
655 959 754 1014 mensis;
772 966 796 1005 et
806 959 834 1005 li·

168 1019 245 1070 bertus
264 1018 359 1078 Vitellii,
384 1022 504 1079 Asiaticus,
525 1023 661 1085 Polycletos,
678 1023 797 1070 Patrobios
812 1030 836 1069 et

169 1090 247 1131 vetera
257 1084 359 1133 odiorum
370 1088 463 1134 nomina
472 1089 580 1150 aequabat.
613 1087 690 1135 Nemo
700 1089 724 1133 in
735 1087 774 1135 illi
784 1088 836 1134 aulai

167 1148 277 1209 probitate
285 1157 324 1196 aut
333 1151 443 1199 industrii
453 1155 560 1200 certavits
579 1168 649 1200 unium
665 1153 693 1200 ad
708 1153 833 1215 potentiam

126 1235 129 1245 =
167 1212 217 1267 iter,
233 1214 333 1277 prodigis
349 1216 419 1278 epulis
429 1225 453 1263 et
464 1226 540 1265 sumtu
549 1216 666 1280 generique
675 1218 758 1265 satiare
768 1218 834 1263 inex·

167 1276 260 1339 plebiles
270 1278 358 1327 Vitellii
368 1282 477 1330 libidines.
508 1282 561 1345 Ipae
568 1284 655 1330 abunde
665 1290 734 1337 ratus,
744 1284 763 1329 si
771 1298 834 1344 prae·
846 1324 855 1332 ,

168 1342 267 1391 sentibus
276 1343 393 1401 frueretur,
410 1362 452 1394 nec
463 1348 487 1393 in
498 1348 589 1410 longius
599 1348 737 1404 consultans,
755 1348 835 1394 novies

168 1406 250 1456 millies
258 1410 392 1467 sestertium,
401 1413 540 1474 paucissimis
551 1413 671 1470 mensibus,
679 1413 835 1462 intervertisse

168 1471 273 1522 creditur.
312 1474 401 1538 Magna
422 1485 446 1524 et
467 1479 549 1525 misera
566 1479 652 1532 civitas,
674 1477 754 1524 eodem
773 1492 835 1524 anno

167 1535 283 1586 Othonem
299 1538 462 1603 Vitelliumque
477 1559 550 1605 passa,
566 1544 625 1590 inter
637 1542 726 1598 Vinios,
744 1541 835 1598 Fabios,

167 1598 248 1660 Icelos,
266 1604 386 1662 Asiaticos,
402 1606 466 1655 varii
485 1615 508 1655 et
528 1608 633 1670 pudendi
653 1614 714 1655 sorte
735 1609 835 1670 agebat3

167 1665 239 1715 donec
255 1668 382 1718 successere
400 1671 522 1720 Mucianus
539 1680 563 1720 et
578 1673 709 1729 Marcellus,
725 1681 750 1719 et
760 1673 836 1735 magis

167 1731 204 1778 alii
216 1732 325 1790 honines,
341 1742 408 1796 qutun
419 1737 456 1783 alii
467 1753 548 1785 mores

195 1794 294 1844 xcvi.
317 1798 394 1847 Prima
413 1800 507 1848 Vitellio
528 1803 601 1850 tertiae
619 1802 717 1865 legionis
735 1801 835 1849 defectio

166 1861 287 1916 nuntiatur,
304 1863 379 1912 missis
390 1865 417 1912 ab
428 1865 519 1928 Aponio
532 1868 652 1915 Sourninc
666 1866 775 1928 epistolis,
792 1883 835 1914 an·

166 1929 256 1985 tequam
273 1926 293 1973 is
310 1943 398 1990 quoque
409 1929 543 1992 Vespasiani
554 1933 652 1994 partibus
662 1938 836 1994 aggregaretur.

166 1987 219 2036 Sed·
231 2005 304 2052 neqtoe
320 1991 423 2056 Aponius
438 2004 525 2051 cuncta,
543 2004 568 2043 ut
582 1997 695 2058 trepidans
711 2012 736 2043 re
752 1994 836 2050 subiti,

165 2055 323 2119 perscripserat
328 2074 336 2115 3
353 2065 377 2105 et
387 2060 452 2106 sinici
462 2062 578 2108 adulantes
593 2062 683 2109 mollius
697 2061 836 2124 interpreta-

165 2119 260 2168 bantur:
280 2123 346 2170 unius
363 2123 459 2186 legionis
474 2141 524 2172 eam
535 2127 674 2180 sediticm
691 2127 781 2174 caeteris
792 2140 835 2174 ex·

166 2184 271 2234 ercitibus
290 2194 393 2234 constare
411 2188 486 2237 iidem.
525 2189 554 2238 In
572 2192 633 2238 hunc
650 2190 744 2237 modum
763 2191 836 2238 ctiam

165 2245 272 2297 Vitellius
291 2251 349 2313 apud
369 2252 451 2300 milites
470 2255 580 2311 disseruit,
596 2257 742 2318 praetorianos
761 2271 838 2318 nuper

166 2320 323 2362 exauctoratos
339 2316 467 2372 insectatus,
484 2335 498 2365 a
514 2322 594 2381 quibus
604 2320 673 2368 falsos
683 2336 787 2367 rumores
799 2321 837 2367 di·

165 2378 248 2438 spergi,
265 2393 307 2424 nec
326 2379 396 2426 ullum
415 2382 488 2430 civilis
505 2385 557 2432 belli
571 2392 665 2440 manni,
684 2387 837 2441 meverubat,

164 2455 285 2501 suppresso
302 2441 435 2507 Vespasiani
452 2449 550 2505 nomine,
567 2457 591 2496 et
606 2451 673 2512 vagis
688 2466 730 2512 per
745 2449 837 2498 Urbem

164 2503 278 2560 militibus,
294 2509 333 2567 qui
344 2524 459 2559 semones
466 2515 543 2575 populi
553 2515 697 2563 coiiroerent:
715 2516 740 2562 id
749 2516 844 2578 precs.

164 2582 234 2630 puum
246 2569 376 2620 alimentum
386 2573 454 2622 larnae
465 2586 520 2625 erat.

171 2667 176 2676 .
198 2629 305 2694 xcvn.
320 2637 660 2704 casamassancia
669 2605 844 2710 ssunssqus
