1834 2900
163 48 197 96 os
239 11 486 96 Hrsronrnnnn
498 45 829 112 narremur-cao·

163 177 287 233 barbarum,
304 179 402 233 indutus,
419 185 510 242 togatos
530 177 687 238 alloqueretur.
728 175 830 224 Uxorem
886 176 887 183 ’

164 255 253 302 quoque
270 245 324 306 ejus,
342 243 480 297 Saloninam,
497 257 631 304 quamquan
649 241 674 288 in
691 241 776 298 nullius
794 241 829 288 in·

159 305 242 366 juriam
261 308 356 370 insignis
373 325 431 369 equo
449 316 555 368 ostroque
573 307 699 360 veheretur,
716 313 829 365 tamquam

165 369 213 417 loesi
223 374 383 436 gravabantur3
400 372 468 420 insiti
479 371 608 431 mortalibus
619 369 703 425 naturd,
716 379 829 416 recentem

164 435 257 483 aliorum
266 437 395 486 felicitatem
404 438 472 500 aegris
481 437 551 483 oculis
562 437 714 497 introspicere,
725 434 830 485 modum·
886 446 887 449 ’

165 515 209 561 que
224 500 321 580 fortunae
339 519 353 550 a
369 503 436 550 riullis
449 503 525 564 magis
542 501 640 562 exigere,
656 515 722 562 quarn
737 515 797 558 quos
807 499 830 577 ip

163 569 344 679 {lignidibrriim
355 566 464 693 (lideclbodr
471 565 830 692 {ciritiouiqiiiiiiirnieilpiiiidiiotitisntiiriil

164 696 215 742 dem
233 698 322 758 petitus,
340 704 457 758 postquam
472 711 517 759 pax
527 704 550 743 et
560 696 680 742 concordia
689 694 797 756 speciosis
808 700 831 739 et
886 700 887 705 ’

163 760 232 807 initis
247 763 374 808 nominstsus
387 763 474 824 Jactata
493 768 553 815 sunt,
570 760 663 806 consilia
680 774 792 819 curasque
808 759 829 803 in

163 827 352 888 oppugnationem
377 825 500 873 Placentiae
523 840 608 887 magno
635 832 720 870 terrore
746 824 829 880 vertitg
886 848 887 855 κ

161 903 254 950 goarus,
272 897 297 937 ut
305 891 368 938 initia
378 891 428 937 belli
440 891 603 952 provenissent,
619 888 701 936 famam
713 889 737 935 in
749 897 831 935 caetera
886 912 887 939 n

165 953 221 1000 sore.
886 994 887 997 ,

166 1070 169 1078 ,
197 1016 269 1064 XXI.
287 1019 332 1066 Sed
342 1020 427 1081 primur
438 1020 487 1066 dies
495 1019 581 1080 impetu
589 1017 670 1079 magio,
687 1031 755 1078 quam
766 1024 830 1063 vete·

163 1083 211 1128 rani
230 1085 341 1130 exercitus
358 1085 447 1139 artibus,
464 1091 602 1132 transactus:
622 1083 692 1144 aperti
702 1083 831 1142 incautique
886 1110 887 1143 p

163 1161 240 1193 muros
252 1146 344 1210 subiere,
362 1151 411 1196 cibo
421 1144 520 1209 vinoque
533 1162 669 1210 praegraves.
700 1144 729 1192 In
741 1162 770 1193 eo
782 1162 830 1192 cer·
886 1156 887 1207 j

165 1213 255 1268 tamine,
271 1207 444 1275 pulcherrimum
463 1214 618 1275 amphitheatri
629 1227 691 1274 opus,
709 1213 778 1258 situm
790 1226 830 1258 ex·
886 1272 887 1277 ¹

164 1283 200 1322 tra
225 1293 307 1332 muros,
331 1278 491 1341 conflagravit:
522 1279 570 1324 sire
591 1277 619 1324 ab
640 1277 832 1338 oppugnatoribus
886 1280 887 1317 I

165 1342 288 1396 incensum,
306 1343 358 1389 dum
376 1342 436 1390 faces
452 1350 476 1390 et
491 1342 586 1404 glandes
596 1357 623 1388 ac
633 1341 741 1388 missilem
752 1342 830 1402 ignem

163 1406 187 1453 in
199 1401 450 1470 obsessosjrrculantur5
468 1408 516 1454 sire
523 1409 551 1453 ab
562 1407 664 1461 obsessis,
681 1405 735 1452 dum
746 1414 832 1453 retorta
886 1408 887 1458 ζ

166 1471 279 1532 ingerunt.
297 1472 533 1535 Municipalevulgus,
545 1472 830 1534 pronumsdsuspicioues,
886 1489 887 1538 ζ

163 1534 241 1583 fraude
258 1538 318 1584 illota
335 1539 394 1599 ignis
411 1538 517 1585 alimenta
534 1538 626 1584 credidit
640 1552 656 1583 a
672 1536 830 1597 quibusdame
886 1561 887 1596 3

164 1600 243 1647 vicinis
254 1602 354 1657 coloniis,
371 1602 454 1650 invidit
464 1611 488 1649 et
498 1602 647 1657 emulatione,
662 1601 724 1661 quod
734 1601 798 1647 nulla
808 1601 831 1646 in
886 1601 887 1616 ¹

161 1662 230 1712 Italia
245 1667 316 1713 moles
327 1675 373 1725 tarn
384 1683 455 1730 capax
464 1667 530 1714 foret.
563 1666 714 1727 Quocumque
725 1680 781 1713 casu
792 1681 831 1713 so·

165 1729 224 1777 cidit.
242 1732 295 1777 dum
313 1734 422 1779 atrociora
437 1733 599 1786 metuebantur,
616 1734 640 1779 in
656 1730 701 1777 leri
712 1730 828 1783 halritumt

163 1794 250 1841 redditi
267 1797 391 1851 securitate,
409 1804 521 1859 tamquam
539 1796 595 1843 nihil
611 1795 703 1859 gravius
722 1796 770 1856 pati
788 1811 830 1856 po·

163 1859 265 1913 tuissent,
273 1862 404 1908 rooerebant.
438 1860 553 1910 Ceterrsm
565 1862 636 1909 multo
645 1875 738 1910 snorum
751 1874 832 1907 errrore

162 1923 241 1985 pulsus
253 1922 359 1984 Caecina;
384 1933 408 1973 et
424 1942 472 1973 nox
486 1927 590 1988 parandis
602 1926 705 1988 operibus
722 1932 832 1971 amumts.

165 1987 281 2036 Vitelliani
300 1992 388 2052 pluteos
407 2000 523 2052 cratesque
544 1999 568 2037 et
589 1992 665 2037 vineas
684 1988 831 2036 suffodiendis

163 2055 240 2109 muris,
265 2058 452 2118 protegendisque
473 2056 679 2122 oppugnatoribus3
704 2053 831 2101 Othoniani

163 2119 230 2165 sudes
247 2127 271 2165 et
288 2122 409 2168 immensas
425 2121 523 2181 lapidum
541 2136 567 2167 ao
577 2120 662 2182 plumbi
672 2119 771 2179 serisque
780 2134 831 2165 mo·

163 2182 204 2237 les,
221 2183 385 2245 perfringendis
401 2186 564 2245 obruendisque
574 2186 684 2243 hostibus,
700 2184 831 2245 expediunt.

166 2246 288 2308 Utrimque
306 2250 383 2310 pudor,
401 2250 512 2310 utrimque
530 2250 609 2311 gloria,
626 2257 651 2295 et
671 2248 768 2295 diuersae
789 2262 832 2294 ex·

163 2312 308 2365 hortationes,
325 2314 376 2359 hinc
394 2314 510 2375 legionum
527 2326 551 2360 er
571 2314 700 2362 Germanici
717 2312 833 2361 exercitlls

75 2426 80 2435 ¹
164 2375 236 2429 robur,
248 2375 300 2423 inde
308 2378 397 2423 urbanae
406 2379 492 2425 militiae
502 2386 526 2425 et
536 2381 690 2440 praetoriarum
696 2378 831 2430 cohortium

163 2440 232 2484 decus
251 2440 413 2488 attollendum:
433 2443 466 2489 illi
485 2450 511 2489 ut
526 2458 622 2505 segnem
639 2459 668 2491 sc
687 2442 788 2491 dosidem
800 2448 834 2489 .et

161 2503 222 2549 circo
232 2518 259 2549 ac
274 2505 367 2553 theatris
377 2514 506 2569 corruptum
517 2508 626 2566 militem3
643 2510 667 2555 hi
682 2508 830 2570 peregrinum

161 2573 185 2613 et
203 2575 319 2639 externum
334 2571 491 2634 increpabant:
510 2572 578 2619 simul
588 2572 703 2621 Othonem
714 2588 742 2629 ac
754 2571 831 2629 Μ,
886 2595 887 2604 ¹
