1834 2900
174 84 824 165 na'maronmnumantv.·cu.rnu.c.m.

171 256 303 305 quamquam
321 243 388 289 toties
409 242 512 296 lacessiti,
529 244 580 305 jure
602 239 702 287 victoriae
715 239 739 285 id
755 238 824 285 solum

171 308 234 354 vobia
250 307 379 361 addidimus,
394 322 438 367 quo
453 322 531 367 pacem
544 314 669 351 tueremur:
688 318 743 350 nam
758 317 826 362 neque

171 371 233 430 quiea
243 371 344 431 gentium
356 372 404 417 sine
414 372 487 425 armis,
498 385 571 429 neque
580 369 697 415 mmaaine
707 367 827 428 stipabit,

123 472 124 477 ,
170 449 243 495 neque
254 435 420 495 stipendiariae
434 435 521 481 tributis
531 433 604 480 baberi
615 439 707 493 queunt.
740 429 830 479 Cam

170 499 195 545 in
212 500 324 545 communi
342 500 383 545 uita
401 506 461 545 aunt
493 496 540 559 Ipd
556 498 686 559 plerumque
704 495 826 556 legionum

171 564 252 610 uostris
269 563 405 624 praesidetis:
424 563 467 624 ipsi
481 564 521 609 baa
537 562 636 621 uimque
650 560 777 621 provinciae
792 573 827 604 re-

170 628 231 688 gitis.
265 626 328 673 Nihil
342 633 466 689 separatum
482 627 616 673 clausumve.
647 624 827 671 Etlaudatumm
900 617 901 626 ¹

169 692 293 753 principum
304 706 357 737 unus
367 706 396 737 ex
407 705 479 751 aequo,
495 691 596 750 quamvis
607 688 684 750 procul
694 688 824 749 agentibus:

171 758 225 803 aaevi
240 756 345 817 proximis
356 756 470 817 ingruunt
503 754 624 809 Quomodo
634 753 780 806 sterilitatem,
790 756 828 797 aut

169 821 252 867 nimico
260 820 347 873 imboea,
358 826 381 866 et
395 825 477 866 caetera
486 827 572 866 naturae
588 817 651 871 mala,
661 818 694 863 ita
702 816 782 863 luxum
791 814 828 862 vel

171 885 284 931 avaritiam
298 884 459 941 dominantium
470 883 569 930 tolerate.
600 880 664 928 Vna
673 887 746 935 eruut,
757 880 828 927 donce

80 946 81 951 ’
170 948 281 995 homines:
302 948 339 994 aed
353 963 425 1009 neque
440 949 489 994 haec
505 948 616 1000 continua,
631 953 655 992 et
665 945 781 991 meliorum
792 943 827 989 in·

169 1018 272 1058 terventu
288 1019 423 1071 pensantur;
440 1012 484 1059 nisi
500 1010 564 1067 forte,
581 1009 668 1057 Tutore
684 1016 708 1055 et
727 1006 828 1055 mamm

169 1076 318 1137 regnantibus,
330 1076 465 1122 moderatius
471 1075 587 1137 imperium
598 1074 698 1135 aperatia,
704 1078 745 1118 aut
754 1072 828 1119 mino-

169 1139 235 1192 ribus,
247 1153 313 1199 quam
323 1152 389 1193 nunc,
401 1140 496 1194 tributio,
506 1139 641 1199 parabuntur
650 1138 769 1191 exercitata,
777 1136 827 1196 qui-
900 1185 901 1200 ἶ

169 1203 211 1249 buo
228 1202 335 1249 Germani
356 1200 503 1263 Britannique
517 1208 640 1249 arceantur.
672 1200 741 1257 Nam,
758 1200 829 1262 puln'a
900 1209 901 1216 ¹

170 1267 241 1330 (quod
259 1267 289 1312 dii
304 1265 442 1327 prohibeant)
465 1266 581 1322 Romania,
596 1266 651 1327 quid
671 1264 737 1319 aliud,
761 1278 828 1323 quam
900 1259 901 1266 ’

168 1332 226 1378 bella
241 1331 339 1378 omnium
358 1331 456 1377 interae
473 1332 575 1393 gentium
590 1328 715 1377 exaiatmi
748 1327 828 1375 Octiu·

169 1402 288 1458 gentorum
306 1410 414 1443 annorum
430 1393 521 1442 fortuni
536 1393 694 1458 discipliudque
708 1406 829 1454 compagae

169 1460 219 1506 baec
230 1461 317 1515 coaluit,
325 1475 376 1520 quae
386 1461 488 1515 convelli,
503 1461 551 1506 aine
566 1459 634 1506 exitio
648 1457 828 1511 convellentium,

168 1537 214 1571 aon
230 1531 310 1587 pateat.
341 1524 386 1572 Sed
403 1525 467 1572 vobis
480 1525 601 1571 maximum
619 1523 744 1576 discrimen,
761 1535 831 1583 penea

169 1600 225 1648 quot
246 1603 323 1636 turum
345 1597 368 1636 et
389 1605 449 1652 opes,
472 1590 591 1650 praecipuae
610 1587 718 1636 bellorum
746 1600 830 1633 cauaae.

170 1653 268 1701 Proinde
277 1655 355 1716 pacem
364 1662 387 1702 et
397 1655 480 1709 urbem,
491 1668 556 1714 quam
571 1653 625 1699 victi
634 1653 777 1711 victoresque
790 1665 830 1696 eo·

170 1718 220 1764 dem
234 1720 286 1780 Jure
304 1720 433 1774 obtinemus,
456 1725 534 1771 amate,
550 1717 623 1764 colite.
655 1715 770 1761 Maneant
788 1728 830 1760 voa

170 1781 284 1842 utriusque
296 1781 392 1829 fortune
408 1783 548 1836 documenta,
558 1795 588 1828 ue
597 1780 761 1827 contumaciam
778 1792 830 1824 cum

169 1845 272 1904 pernicie,
289 1859 355 1905 quarn
370 1846 499 1906 obsequium
510 1860 562 1892 cum
578 1845 702 1898 securitate,
720 1839 830 1889 malitia.”

169 1907 220 1954 Tali
238 1909 338 1956 oratione
356 1911 459 1971 graviora
477 1916 602 1957 metuentes
623 1909 756 1970 composuit,
780 1921 830 1953 ere·

169 1972 251 2032 aitqua

201 2035 306 2084 LXXV.
328 2036 472 2086 Tenebantur
493 2039 579 2085 victore
604 2037 702 2083 exercitu
725 2034 832 2089 Treveri,
889 2057 892 2061 ·

168 2115 220 2148 aum
229 2100 308 2150 Civilia
317 2111 340 2148 et
349 2101 461 2151 Claaoicua
468 2100 549 2148 misire
558 2102 662 2162 epistolas
669 2101 698 2147 ad
707 2097 831 2153 Cerialem,

168 2181 259 2224 quarum
271 2168 319 2212 baec
330 2168 438 2214 sententia
445 2167 499 2214 iuit:
514 2166 682 2227 Vespasianum,
692 2177 833 2225 quamquam

168 2230 259 2276 nuntios
275 2230 419 2287 occultarent,
435 2233 557 2278 exceaaiaae
572 2228 625 2276 viti.
659 2227 745 2274 Urbem
764 2235 833 2288 atque

168 2289 255 2337 ltaliam
270 2294 357 2340 interno
367 2295 424 2340 bello
435 2304 581 2342 consumtum.
613 2292 716 2339 Muciani
732 2307 761 2337 ac
777 2291 831 2338 Do-

167 2355 251 2400 mitiani
262 2369 319 2401 vana
328 2363 351 2401 et
361 2359 409 2402 aine
420 2358 502 2404 viribua
512 2359 610 2404 nomina
642 2356 666 2404 Si
676 2353 776 2404 Cerialis
787 2356 830 2401 im·
900 2402 901 2409 ἵ

163 2417 251 2476 perium
264 2417 385 2464 Galliarum
402 2421 463 2474 velit,
477 2423 537 2482 ipaoa
555 2420 634 2468 finibua
645 2420 764 2468 civitatum
777 2434 831 2466 aua·

167 2492 216 2522 rurn
234 2486 366 2538 contentoa;
390 2484 408 2528 si
424 2485 528 2544 proelium
549 2486 618 2539 malit,
641 2499 670 2530 ne
691 2484 715 2529 id
736 2485 832 2543 quidem

135 2563 139 2572 «
162 2541 268 2588 abnuere.
300 2543 339 2589 Ad
354 2559 381 2590 ea
398 2544 491 2593 Cerialia
511 2547 579 2596 Civili
594 2555 618 2595 et
634 2546 737 2600 Claaaico
756 2547 830 2592 nihil:

163 2617 223 2658 eum,
240 2605 278 2666 qui
294 2606 398 2658 attulerat
414 2609 474 2671 ipsas
494 2611 606 2672 epistolar,
622 2612 652 2660 ad
667 2610 833 2672 Domitianum

17 2793 136 2872 Γι
