1834 2900
97 120 118 165 i.
128 126 192 171 c.to.
212 120 459 170 HlSTORlARUM
468 121 573 170 LmIV.
581 122 641 172 Car.
649 124 672 169 5.
715 124 761 171 15³

97 250 166 299 anem
177 251 316 299 videbantur.
347 238 463 299 suadere
479 253 615 299 nuenton
629 251 763 314 vespasiana

98 318 180 372 literae,
197 324 309 376 tamquam
326 325 431 363 manente
444 317 504 364 bello
520 319 623 379 scriptae:
642 333 674 371 ea,
691 314 764 379 primi

99 382 181 443 specie,
198 379 285 437 forma3
302 388 408 427 caeterum
424 389 450 428 ut
464 382 567 443 princeps
576 382 711 441 loquebatur,
729 380 762 425 ci·

101 446 155 491 vilia
165 445 194 490 de
205 459 235 499 ee,
244 452 268 491 et
284 446 409 507 reipublicae
419 446 526 507 egregia:
545 461 587 494 nec
597 446 687 492 seumds
697 446 763 491 obse·

99 510 178 569 quium
195 508 276 561 deerat.
307 508 354 571 ipsi
369 510 499 557 consulatus
512 524 564 557 cum
575 509 629 557 Tito
639 509 692 563 filio,
702 524 761 570 prte-

100 580 152 621 tura
163 572 294 621 Domitiano
305 581 328 621 et
338 574 455 621 consulare
464 575 582 636 imperium
592 574 749 620 decernuntur.

134 636 178 685 IV.
196 638 293 689 Miserat
310 646 334 686 et
349 638 473 685 Mucianus
487 638 593 701 epistolas
608 638 637 685 ad
654 645 763 691 senatum,

101 718 153 764 quae
163 704 279 751 materiam
287 703 430 751 sermonibus
439 701 568 765 proebudres
588 703 607 749 si
616 703 717 764 privatus
727 716 763 747 es-

100 776 141 822 set,
158 783 199 815 cur
208 753 297 830 publio'e
306 768 450 829 loqueretur?
466 768 566 829 potuisse
580 768 665 821 eadem,
681 780 764 827 paucos

99 840 152 895 post
160 834 214 886 dies,
225 832 277 879 loco
287 833 404 881 sententiae
415 832 456 878 dici
466 850 471 878 :
490 834 539 895 ipsa
548 848 637 894 quoque
646 830 764 878 insectatio

99 900 124 945 in
143 896 262 943 Vitellium
280 911 329 943 sera
346 904 369 943 et
385 898 435 945 eine
452 897 560 945 libertate.
592 895 621 943 ld
636 911 692 944 vero
709 909 763 956 erga

99 961 261 1023 rempublicam
276 962 400 1023 superbum,
416 976 472 1023 erga
481 963 604 1025 principem
613 959 762 1011 contumelio·

100 1041 160 1081 sum,
177 1025 243 1086 quod,
259 1026 283 1071 iu
299 1040 366 1073 manu
382 1023 425 1075 sui
434 1026 504 1074 irrisae
514 1028 630 1089 imperium
641 1026 765 1073 donatum·-

101 1105 147 1151 que
158 1089 301 1152 Vespasiano,
313 1092 420 1153 jactabat.
452 1088 567 1139 Caeterum
584 1092 668 1138 invidia
684 1092 707 1136 in
722 1104 762 1135 oc·

102 1156 174 1209 culto,
190 1154 285 1205 adulatio
301 1157 325 1201 in
342 1162 419 1218 aperto
436 1162 514 1203 eraut:
533 1156 605 1203 multo
615 1156 763 1202 cambonem

100 1220 220 1276 verbontm
238 1219 346 1267 Muciano
362 1220 503 1283 triumphalia
518 1220 613 1267 debello
624 1220 683 1267 civili
694 1220 760 1266 data:

100 1285 142 1331 aed
160 1284 184 1331 in
204 1284 316 1331 Sarmatae
338 1285 450 1346 expeditio
471 1284 604 1347 fingebatur.
643 1284 764 1330 Adduutur

97 1348 180 1397 Primo
192 1349 293 1396 Antonio
310 1350 440 1405 consularia
458 1347 566 1397 Cornelio
577 1348 651 1396 Fusco
661 1355 685 1395 et
696 1348 764 1395 Arrio

99 1413 165 1466 .Varo
181 1414 285 1475 praetoria
300 1413 404 1476 insignia.
437 1413 498 1463 Mox
507 1413 562 1462 deos
578 1410 708 1476 respexere:
727 1426 763 1460 re·

100 1479 166 1526 atitui
184 1479 270 1538 ,placuit
291 1477 442 1540 Capitolium:
470 1481 637 1540 eaqueomnia
657 1477 763 1525 Valerius

100 1543 318 1596 Astatimecomu
336 1544 474 1606 designatus,
490 1545 589 1592 censuit:
608 1545 684 1590 caeteri
699 1542 764 1589 vultu

100 1620 228 1667 manuque:
246 1608 316 1668 pauci,
333 1609 413 1669 quibua
424 1610 545 1670 conspicua
554 1609 659 1671 dignitas,
674 1615 714 1654 aut
726 1607 763 1652 in·

99 1672 194 1734 genium
208 1672 333 1722 adulatione
343 1674 473 1728 exercitum,
490 1673 619 1735 compositis
628 1669 765 1719 orationibus

100 1737 284 1784 assentiebantur.
317 1736 364 1784 Ubi
382 1737 410 1784 ad
429 1737 561 1784 Helvidium
580 1736 690 1789 Priscum,
706 1749 763 1797 prae·

99 1809 174 1848 torem
191 1801 454 1864 designatumsvenum,
469 1796 565 1864 promsit
580 1802 722 1855 sententiam,
737 1807 764 1846 ut

100 1862 246 1912 honorificam
255 1866 278 1911 in
288 1867 371 1912 bonum
382 1867 511 1928 principem,
527 1868 559 1914 ita
568 1866 624 1916 falsa
631 1868 728 1919 aberant,
739 1872 764 1915 et

99 1929 181 1976 studiis
192 1930 282 1978 eenatds
292 1931 441 1978 attollebatur.
459 1929 528 1992 Isque
538 1933 663 1994 praecipuus
673 1931 763 1993 illi-dies

99 1993 426 2119 ttttii‘titiidi
436 1995 616 2120 inimudild
625 1996 763 2105 ilium

158 2089 165 2102 ⁰
332 2099 335 2108 ι
423 2091 430 2113 9

97 2123 219 2170 incidimus
229 2124 271 2170 viri
283 2124 364 2184 taepiue
371 2123 515 2178 memorandi,
532 2131 562 2174 ut
568 2123 638 2170 vitam
648 2123 764 2182 studisque

96 2190 155 2249 ejus,
164 2194 188 2234 et
198 2187 258 2246 quali
267 2187 358 2234 fortuni
368 2188 398 2242 sit
408 2203 473 2244 naut,-
479 2189 558 2248 paucis
564 2195 670 2250 repetam.
703 2185 762 2234 Hel·

96 2253 174 2302 vidius
191 2250 289 2308 Priscae,
306 2251 434 2304 Tarracina
450 2253 578 2314 mancipio,
594 2250 679 2300 Cluvio
692 2259 763 2313 patre,

96 2318 137 2377 qui
148 2316 249 2362 ordinem
260 2315 364 2377 primipili
375 2317 490 2370 duxisset,
497 2317 614 2378 ingenium
628 2317 715 2364 illustre
729 2317 763 2362 al-

96 2381 193 2428 tioribus
204 2381 282 2428 studiis
287 2381 379 2443 juvenis
390 2381 509 2432 admodum
520 2382 595 2439 dedit;
612 2396 666 2436 non,
679 2387 705 2426 ut
715 2381 763 2442 ple·

95 2447 170 2506 rique,
188 2452 212 2491 ut
220 2445 310 2493 nomine
321 2443 440 2505 magnifico
451 2459 523 2507 segne
533 2447 604 2492 odom
613 2446 708 2499 velaret,
724 2445 765 2490 sed

95 2525 145 2570 quo
155 2507 240 2556 tirmior
250 2509 357 2556 adversm
363 2507 456 2556 fortuita
465 2509 623 2570 rempublicam
632 2514 766 2568 capesseret.

96 2573 216 2622 Doctores
230 2575 345 2634 sapientia
356 2579 446 2620 secutus
461 2579 504 2625 est,
520 2574 558 2633 qui
573 2571 622 2619 sola
630 2572 695 2622 bont,
711 2578 765 2624 ‹1¹¹ae

95 2640 202 2695 lenuit,
219 2637 284 2692 malti
294 2637 560 2698 tantum,=quae;turp'n;
576 2632 706 2695 petendum,
722 2639 764 2673 oo·
