1834 2900
76 116 170 164 acuo.
195 111 441 166 ursaonrsnmr
452 115 658 168 naucum
713 121 743 165 cr
799 99 802 103 ’

80 215 146 288 enam
160 243 260 294 Batevm
270 244 500 308 Transrbemnosque
510 246 586 295 Padus
598 249 659 309 ipse:
679 251 745 309 quiem

80 319 181 366 repente,
199 319 278 358 contre
294 311 440 371 Placentiam,
458 314 598 374 transgressi,
614 313 683 374 raptis
694 313 745 372 qui-

79 369 176 418 busdam
187 376 367 436 exploratoribus,
376 379 406 424 lta
413 375 617 432 caeterosterrudre,
628 386 660 432 ut,
668 378 747 423 edesse

78 451 174 483 omnem
191 437 290 487 Caecinae
307 443 435 497 exercitum,
452 442 532 503 trepidi
550 457 576 488 ec
591 440 642 488 falsi
656 441 745 487 nontin·

78 509 140 546 rent.

115 564 215 614 XVIII.
234 567 327 617 Certum
343 577 390 618 erat
402 571 522 634 Spurinnae
533 571 564 633 (is
579 571 637 616 enim
649 569 746 616 Placen-

82 631 139 677 tism
159 632 282 696 obtinebat)
301 651 343 682 nec
363 636 415 682 durn
433 637 523 682 venisse
543 633 664 688 Caecinam,
681 642 710 688 et,
728 633 748 678 si

80 697 249 759 propinquaret,
265 700 369 747 coercere
379 701 436 747 intra
446 701 586 746 munimenta
593 699 693 751 militem,
705 711 747 744 nec

80 769 129 808 tres
139 765 257 824 praetoriss
268 765 370 812 cohortes
381 772 404 811 et
414 765 476 811 mille
486 765 619 818 vexillarios,
631 777 683 809 cum
691 777 747 824 psu-

80 828 114 872 cis
132 828 253 887 equitibus,
269 835 375 876 veterano
392 831 499 876 exercitui
514 829 616 892 objicere
650 827 695 874 Sed
711 828 747 871 in·

82 892 182 938 domitus
193 893 259 939 miles
270 901 293 939 et
301 893 353 940 belli
363 895 462 956 ignarus,
473 895 581 955 correptis
592 894 663 954 signis
673 890 747 938 vexil-

80 956 160 1016 lisque,
179 973 251 1011 ruere,
268 965 291 1004 et
301 959 405 1005 retinenti
416 959 466 1005 duci
478 959 522 1004 tels
531 960 649 1011 intentare,
666 955 748 1019 spretis

82 1022 252 1068 centurionibus
269 1022 420 1084 tribunisque;
437 1024 490 1083 quin
502 1023 658 1084 proditionem,
674 1031 697 1068 et
708 1035 747 1067 sc·

82 1086 153 1132 citum
163 1084 286 1140 Caecinsm,
298 1087 445 1134 clamitabant.
481 1085 519 1134 Fit
527 1089 657 1134 temeritatis
667 1087 748 1133 alienae

82 1165 160 1196 comes
173 1149 290 1212 Spurinna,
306 1153 379 1213 primo
387 1159 483 1205 coactus,
499 1167 554 1198 mox
564 1153 622 1198 velle
632 1152 748 1204 simulans,

81 1229 129 1274 quo
140 1214 191 1276 plns
201 1217 339 1263 suctoiitstis
355 1218 437 1264 inesset
453 1217 557 1272 consiliis,
573 1218 592 1262 si
608 1217 687 1263 seditio
702 1216 746 1260 mi·

81 1287 186 1326 tesseret.

116 1341 191 1390 XIX.
208 1343 331 1406 Postquam
346 1347 369 1392 in
385 1353 506 1409 conspectu
517 1345 601 1402 Padus,
618 1351 641 1392 et
651 1359 699 1391 nox
709 1359 748 1406 ap-

82 1409 179 1471 petebat,
196 1409 273 1457 vallari
284 1417 356 1459 castra
365 1411 455 1473 placuit.
489 1410 513 1459 ls
522 1411 593 1468 labor,
610 1411 694 1457 urbeno
704 1409 747 1455 mi·

81 1474 117 1520 liti
135 1474 246 1529 insolitus,
263 1477 364 1523 contudit
380 1479 474 1525 animos.
505 1476 566 1523 Turn
584 1476 749 1522 vetustissimus

83 1540 181 1599 quisque
192 1541 301 1601 castigare
311 1541 463 1588 credulitatem
475 1556 552 1597 susm3
568 1549 653 1587 metum
664 1556 690 1585 ac
701 1539 747 1585 dis-

83 1604 172 1649 crimen
180 1605 302 1660 ostendere,
315 1606 334 1651 si
345 1620 396 1652 cum
404 1608 503 1653 exercitu
513 1604 611 1658 Caecina,
622 1604 750 1666 patentibus

84 1668 177 1729 campis,
189 1676 235 1715 tam
243 1684 324 1730 paucas
335 1672 438 1717 cohortes
446 1668 630 1717 circumfudisset.
651 1668 749 1728 Jamque

83 1734 140 1779 totis
158 1733 237 1779 cestris
256 1736 350 1782 modesti
365 1750 494 1789 sermones,
510 1741 540 1787 et,
556 1733 704 1779 inserentibus
725 1747 750 1779 se

84 1798 253 1844 centurionibus
269 1800 412 1859 tribunisque,
428 1800 513 1845 laudari
524 1797 663 1861 providentis
678 1797 749 1854 ducis,

85 1861 148 1922 quod
165 1862 282 1916 coloniam,
299 1864 379 1911 virium
397 1871 421 1910 et
436 1878 504 1926 opum
520 1863 622 1919 relidam,
638 1863 705 1909 robur
722 1877 749 1909 oc
783 1914 788 1918 ‚

85 1927 164 1973 sedem
174 1926 233 1973 bello
244 1927 342 1988 legisset.
375 1926 428 1990 Ipse
438 1936 552 1990 postremo
567 1928 684 1989 Spurinna,
702 1942 748 1973 non

85 1998 133 2039 ism
145 1991 234 2053 culpam
244 1994 387 2054 exprobrans,
398 2008 465 2053 qusm
476 1993 562 2039 ratione
572 1992 699 2045 ostendens,
714 2007 749 2037 re·

85 2056 147 2103 lictis
155 2056 336 2117 exploratoribus,
345 2065 438 2105 caeteros
451 2057 589 2104 Placentiam
600 2056 695 2110 reduxit,
706 2057 750 2101 mi-

85 2136 130 2168 nus
147 2120 253 2177 turbidos,
270 2123 396 2185 etimperia
407 2122 547 2185 accipientes.
581 2120 673 2167 Soliduti
683 2121 749 2176 muri,

84 2187 255 2248 propugnacula
266 2187 346 2242 addito,
358 2194 430 2233 suctae
441 2194 520 2242 turres,
531 2188 621 2247 prosim
630 2193 751 2247 potatoque

85 2265 134 2297 non
151 2265 214 2297 arms
230 2252 304 2307 modo,
322 2252 361 2298 sed
379 2252 508 2313 obsequium
525 2260 549 2297 et
565 2251 655 2313 parendi
672 2265 750 2307 sm0r3

86 2315 149 2377 quod
166 2314 239 2362 solum
256 2317 300 2363 illis
316 2317 415 2379 pertibus
431 2316 511 2374 defuit,
527 2331 578 2362 cum
592 2315 682 2363 virtutis
693 2315 752 2361 haud

125 2380 215 2426 niteret

85 2394 180 2491 ΡίεΧΧ.
198 2445 233 2491 At
244 2443 341 2501 cecina,
358 2446 421 2493 velut
436 2443 515 2492 relicti
523 2452 575 2506 post
585 2444 657 2506 Alpes
668 2441 754 2489 saevitis

86 2522 114 2557 sc
132 2508 232 2564 iceret,
254 2510 357 2557 modesto
376 2510 468 2571 agorine
485 2523 526 2571 per
544 2506 633 2553 Italism
654 2506 754 2551 incessit

88 2572 202 2621 Ornatum
218 2574 288 2637 ipsius
302 2574 423 2635 municipis
439 2580 464 2619 et
481 2572 577 2619 colonias
591 2572 615 2615 in
630 2568 754 2629 snperbiam

83 2639 219 2687 trabebant:
238 2640 298 2701 quod
308 2639 444 2687 versicolore
454 2636 540 2698 sagulo,
556 2634 655 2687 braehus,
665 2639 758 2688 tegmen

119 2716 175 2750 von.
182 2717 220 2752 111.
550 2711 566 2740 ⁰
