1834 2900
167 119 199 164 22
247 112 697 164 msuolttnsttmnntcsrns.
711 113 830 156 ΗΜ.

162 246 211 306 jam
221 242 316 292 sonans
325 245 440 307 promisit:
459 252 485 292 ut
500 245 546 306 qui,
561 244 625 291 nullo
634 248 778 305 apsente,
793 246 830 290 us

167 307 238 356 millia
248 311 481 358 innocentissimorum
487 310 582 357 militum
590 309 739 356 truciduserit
764 305 835 354 Hor·

168 375 312 422 rutaniorum
323 376 388 429 subit,
395 377 484 436 quoties
490 375 595 422 recordor
604 373 695 421 lcmlsnn
706 373 832 427 introiturus,

166 444 191 484 et
201 439 259 484 hunc
269 440 427 488 solamGalbae
437 440 559 494 victoriani,
571 453 629 493 cum,
641 439 665 484 io
675 437 831 493 oculiaUrbia,

172 502 276 550 decimari
292 505 378 553 deditos
388 507 484 568 juberet,
500 519 558 565 quos
574 505 717 565 deprecantes
727 503 752 548 in
763 501 830 558 lidetu

168 575 291 630 acceperat.
313 569 768 633 Hisauspiciis'Urbemiopressusquam
778 565 833 626 glo·

171 633 227 679 rim
235 634 416 696 sdprinciputum
428 635 509 688 attulit,
520 635 562 680 nisi
572 634 640 679 occisi
650 631 778 679 Obultronii
789 629 832 676 Sa-

169 697 216 744 bini
225 707 247 744 et
259 697 358 747 Cornelii
370 699 504 746 Marcelliis
514 696 631 760 Hispanii,
648 697 716 744 Betui
728 694 834 744 Chilonis

170 761 195 808 ln
215 761 295 818 Galltt,
320 763 407 810 Fonteii
425 762 542 824 Cupitonis
560 763 584 808 in
603 760 734 816 Germauid,
758 758 835 807 Clodii

171 825 245 873 Macri
256 829 279 874 in
291 827 375 882 Africi,
382 827 490 889 Cingonii
500 829 524 873 in
535 825 577 882 vit,
589 826 714 887 Turpiliani
724 826 748 872 in
760 824 833 876 Urbe,

172 889 306 952 Nymphidii
316 893 339 938 in
350 893 444 940 castris?
470 892 530 946 erae
540 907 633 951 usquam
644 891 765 952 provincis,
781 901 840 948 quae

172 963 245 1002 castra
261 963 320 1010 sunt,
337 958 379 1004 nisi
393 965 486 1004 cruenta
500 964 523 1004 et
540 956 667 1006 maculato?
683 964 729 1008 aut,
746 962 772 1000 ut
785 953 839 1014 ipse

171 1020 284 1081 prtodicat,
300 1023 447 1070 emendataet
458 1020 574 1068 certeco?
593 1020 661 1074 Nam,
672 1035 723 1079 quae
733 1019 771 1064 alii
782 1031 834 1064 scc-

165 1085 225 1136 lesa.
243 1086 279 1131 hic
295 1087 392 1133 runedia
409 1094 489 1134 vocato
507 1087 561 1132 dum
573 1085 635 1131 falsis
647 1084 780 1135 nominibus,
796 1095 838 1128 sa·

172 1148 288 1196 vemtatcm
299 1165 343 1211 pro
351 1152 443 1205 saevitis,
454 1151 613 1212 parcimoniam
623 1165 664 1210 pro
672 1146 770 1199 avaritiis,
779 1161 834 1208 sup-

172 1213 238 1276 plicia
253 1223 278 1260 et
296 1216 442 1262 contumelias
461 1224 554 1269 vestras,
570 1214 708 1274 disciplinam
729 1212 835 1274 appellat·

162 1277 264 1338 -Septem
274 1295 288 1326 a
300 1279 397 1326 Neronis
408 1279 453 1326 line
462 1294 552 1326 menses
562 1287 628 1335 suot3
646 1286 669 1324 et
677 1279 725 1339 [μω
737 1277 787 1339 plus
798 1291 838 1322 ra·

163 1342 318 1404 .puit'1celus,
334 1357 400 1405 quum
415 1345 478 1405 qttod
494 1343 605 1403 Polycleti
621 1351 644 1389 rt
655 1343 740 1390 Vatinii
750 1351 775 1387 et
785 1339 841 1387 Elii

164 1417 311 1470 [penserunt
345 1409 437 1457 Minoia
454 1408 547 1456 avaritiis
564 1423 591 1455 nc
609 1405 698 1455 ucenut
718 1412 835 1471 gnosstus

164 1480 232 1519 esset
249 1473 278 1520 T.
294 1474 381 1528 Vinios,
399 1476 483 1535 siipse
498 1472 642 1535 impedisset:
662 1488 721 1519 nunc
739 1481 762 1518 et
780 1471 837 1517 sab·

162 1539 242 1601 ·jectos
252 1554 294 1585 nos
304 1540 517 1599 hebaltttsmqinm
528 1555 587 1593 suos,
598 1545 622 1584 et
632 1538 695 1592 viles,
706 1544 733 1584 ut
740 1537 835 1584 alienos.

174 1603 228 1651 Una
237 1604 278 1650 illa.
285 1604 364 1650 domos
372 1604 453 1651 uincit
459 1604 571 1659 donstivo,
579 1603 641 1665 quod
646 1603 710 1650 vobis
716 1615 835 1662 nonquam

163 1668 243 1720 detur,
260 1677 283 1715 et
293 1670 391 1729 quotidie
401 1670 554 1731 exprobratur.

201 1727 351 1779 xxxviii.
358 1740 372 1763 ‘¹
379 1734 422 1788 Ac,
428 1748 459 1779 ne
466 1749 511 1794 quo
520 1734 599 1780 saltem
606 1732 630 1779 in
639 1747 768 1778 successore
775 1728 835 1777 Gal-

163 1798 207 1845 -bse
223 1813 272 1858 spes
292 1806 356 1853 esset,
374 1799 466 1845 arcessit
476 1800 504 1845 ab
514 1798 599 1853 exsilio.
616 1812 681 1858 quem
701 1793 792 1842 tristitid
809 1801 835 1841 et

162 1859 265 1908 vavsnut
276 1862 309 1909 sui
321 1862 585 1926 similliminn.judicahat.
617 1861 722 1918 Vidistis,
737 1857 836 1906 commi·

173 1924 263 1981 litones,
287 1927 379 1973 notabili
400 1935 532 1989 tempedstc
553 1928 620 1975 edum
639 1927 693 1973 deos
713 1924 836 1971 inlsustam

173 1991 315 2053 sdoptionem
326 2000 463 2040 trementes.
495 1992 559 2039 ldctn
572 1995 671 2045 semote,
687 1990 746 2037 idem
756 1988 837 2052 populi

172 2054 241 2103 Rom.
257 2057 344 2104 animus
360 2066 402 2105 est.
433 2057 517 2105 Vestra
527 2058 599 2104 virtus
609 2062 756 2117 exspectatur,
774 2053 837 2115 apud
910 2099 911 2104 ,

171 2136 228 2181 quos
246 2136 313 2168 omne
330 2123 430 2170 honestis
447 2122 547 2171 consiliis
564 2124 636 2177 robur,
651 2130 677 2167 et
687 2121 735 2167 sine
745 2120 835 2179 quibus,
910 2115 911 2126 ¹

171 2187 273 2246 quumvis
283 2188 381 2249 egregia,
392 2188 491 2235 invalido
499 2196 559 2234 suut.
591 2185 643 2232 Non
653 2186 680 2231 sd
691 2185 773 2233 bellum
784 2198 838 2239 vos.

172 2264 214 2297 nec
225 2250 253 2297 ad
264 2252 386 2313 periculum
402 2268 475 2299 voco:
495 2252 595 2299 omnium
613 2250 708 2297 militum
719 2264 781 2295 orma
791 2264 837 2294 no·

170 2314 256 2361 bissum
266 2323 326 2363 sunt
360 2316 410 2363 Nec
422 2332 467 2363 unu
476 2317 556 2363 cohors
571 2323 650 2377 togsta
665 2313 764 2361 defendit
774 2327 837 2359 nuuc

173 2378 276 2435 Galbam,
288 2376 327 2427 sed
337 2382 427 2428 detinet.
456 2379 515 2428 Cum
526 2396 568 2427 vos
578 2380 711 2443 sdspexerit,
723 2393 776 2424 cum
787 2378 840 2437 sig·

171 2456 226 2489 num
237 2459 312 2491 meum
323 2447 438 2505 acceperit,
456 2446 498 2491 lroc
510 2446 583 2492 solum
594 2444 636 2491 erit
647 2453 766 2495 certsmen.
784 2441 838 2502 quis

170 2506 225 2552 mihi
236 2509 355 2569 plurimum
366 2510 467 2569 imputet.
484 2508 568 2555 Nullus
578 2508 715 2555 cunctationi
724 2507 789 2553 locus
799 2512 838 2553 est
908 2519 909 2524 ¹

159 2569 193 2616 .io
211 2587 238 2617 eo
256 2573 357 2628 consilio,
374 2574 433 2633 quod
445 2588 491 2617 non
501 2582 576 2633 potest
586 2573 676 2625 numni.
694 2572 735 2617 nisi
755 2585 838 2634 perae-

169 2634 242 2681 tuoi.”
275 2636 371 2698 Aperite
382 2636 462 2683 deinde
472 2637 666 2688 armamentarium
669 2637 751 2699 J’ussit:
770 2641 838 2697 rupta
