1834 2900
85 117 106 155 J.
114 116 174 160 Cdo.
201 112 447 162 msToRIARUM
457 111 551 160 Luall.
561 111 620 162 Car.
629 116 669 159 84.
720 117 753 160 69

85 243 125 290 liae
136 251 206 300 sueta,
219 251 257 292 aut
265 246 369 292 aestibus:
383 245 484 307 objeoere
494 243 578 290 flumen
586 242 681 298 Padum,
692 249 753 290 tutas

85 309 143 354 viris
159 311 273 370 murisque
291 311 355 356 urbes
360 327 368 367 3
386 310 491 370 equibus
507 309 591 355 nullam
603 309 662 354 hosti
673 323 751 354 cessu-

87 387 145 424 ram,
171 373 293 421 Placentiae
318 374 447 422 defensione
468 374 615 435 exploratum.
653 372 752 418 Proinde

87 437 184 484 duceret
192 439 287 485 bellum:
307 440 382 500 paucis
399 439 476 486 diebus
490 438 701 498 quartamdecimam
718 437 752 483 le·

87 501 191 563 gionem,
208 501 288 565 magud
306 505 377 564 ipsam
393 501 459 558 sami,
477 517 528 548 eum
549 502 666 548 Moesiacis
682 501 752 562 copiis

90 564 181 614 adfore:
202 574 248 614 tum
270 584 346 615 rursus
368 569 545 621 deliberaturum,
562 575 592 621 et,
609 567 628 611 si
649 565 753 627 proelium

88 630 216 691 placuisset,
232 633 303 680 auctis
313 633 397 679 viribus
407 639 538 679 certaturos.

124 695 251 742 xxxlli,
267 697 395 744 Accedebat
413 697 532 743 sententiae
554 693 642 741 Paulini
665 693 754 740 Marius

91 757 189 808 Celsus:
208 762 266 807 idem
278 762 364 823 placere
375 762 452 808 Annio
462 760 538 816 Gallo,
550 775 634 821 paucos
643 766 696 804 ante
707 758 755 805 dies

89 825 155 886 lapsu
166 826 217 886 equi
227 825 317 879 afflicto,
334 826 404 882 missi,
421 827 459 886 qui
467 825 584 871 consilium
595 825 643 886 ejus
654 823 754 869 sciscita-

90 897 175 946 rentur,
193 890 323 936 retulerant.
354 890 415 936 Otho
433 905 517 953 pronus
532 891 561 935 ad
578 888 751 934 decertandum:

91 953 162 1001 frater
176 955 225 1016 ejus
235 953 344 1010 Titianus,
362 963 385 1002 et
395 955 515 1016 praefeetus
525 955 623 1016 praeton‘i
636 952 753 1008 Proculus,

90 1017 204 1081 imperitid
218 1029 368 1080 properantes,
385 1019 510 1067 Fortunam
527 1026 550 1065 et
564 1019 618 1064 deos
632 1026 655 1064 et
669 1032 754 1064 numen

92 1081 192 1130 Othonis
208 1084 284 1130 adesse
294 1085 398 1140 consiliis,
415 1083 492 1130 adfore
502 1085 624 1138 conatibus,
640 1083 753 1129 testaban-

93 1154 145 1194 tur:
165 1163 208 1194 neu
219 1149 268 1208 quis
278 1149 366 1196 obviam
376 1149 409 1195 ire
420 1149 538 1195 sententiae
550 1149 647 1201 auderet,
663 1149 687 1193 in
698 1147 753 1194 adu·

91 1212 198 1260 lationem
207 1220 369 1260 eoueessmnt
402 1212 525 1274 Postquam
536 1213 630 1274 pugnari
641 1212 754 1273 placitum,

93 1277 201 1324 interesse
209 1293 292 1340 pugnae
303 1279 466 1340 imperatorem,
477 1293 506 1324 an
514 1278 591 1338 seponi
602 1277 682 1322 melius
688 1276 755 1332 soret,

93 1339 230 1388 dubitavere.
257 1341 353 1389 Paulino
361 1349 384 1390 et
396 1341 516 1404 CelsoJ'am
525 1358 571 1388 uon
581 1341 755 1396 adversantibus,

92 1421 122 1453 ne
141 1407 263 1469 principem
283 1408 391 1470 obJ'eetere
409 1407 513 1471 perieulis
530 1407 664 1459 uiderentur,
687 1405 755 1451 iidem

91 1472 123 1517 illi
136 1472 250 1519 deterioris
258 1473 346 1519 consilii
357 1480 457 1520 auctores
465 1469 589 1534 perpulere,
598 1479 623 1517 ut
630 1470 757 1517 Brixellum

95 1536 234 1591 concederet,
251 1552 282 1591 ae,
301 1536 371 1584 dubiis
390 1538 519 1599 proeliorurn
535 1543 644 1590 exemtus,
660 1550 756 1582 summae

93 1615 170 1647 rerum
182 1608 205 1647 et
215 1600 300 1663 imperii
308 1617 332 1648 se
339 1604 411 1664 ipsum
422 1609 553 1649 reservaret
585 1599 702 1662 Inprimus
709 1600 757 1646 dies

94 1664 236 1713 Othonianas
247 1674 320 1727 partes
330 1667 421 1713 afflixit:
436 1682 530 1727 namque
541 1672 565 1713 et
575 1680 627 1711 eum
636 1666 685 1726 ipso
696 1678 756 1725 prae·

94 1731 201 1777 toriarurn
213 1732 337 1777 cohortium
348 1739 371 1777 et
383 1732 545 1793 speculatorum
556 1730 700 1790 equitumque
716 1744 756 1775 va-

92 1795 139 1843 lida
149 1810 229 1841 manus
241 1796 347 1849 discessit,
356 1802 378 1842 et
386 1796 548 1843 remanentium
558 1794 642 1842 fractus
652 1794 754 1840 arumna:

94 1860 184 1919 quando
196 1861 292 1922 suspecti
303 1861 423 1914 duces„et,
441 1868 466 1906 ut
481 1860 567 1907 Othoni
583 1860 622 1905 uni
638 1859 697 1921 apud
712 1860 756 1904 mi·

94 1925 158 1970 litem
177 1922 239 1977 fides,
256 1924 308 1970 dum
328 1932 351 1971 et
369 1926 417 1986 ipse
432 1940 478 1971 non
497 1926 539 1970 nisi
555 1924 661 1970 militibus
680 1924 757 1979 credit,

95 1989 190 2049 imperia
200 1988 281 2034 dueum
292 1990 315 2034 in
327 1991 411 2035 incerto
422 1990 546 2049 reliquerat,

128 2051 252 2099 XXXIV.
270 2052 334 2099 Nihil
350 2069 428 2101 eorum
443 2052 577 2101 Vitellianos
593 2051 692 2107 fallebat,
708 2066 757 2097 ere·

93 2118 148 2171 bris,
166 2125 192 2163 ut
208 2118 232 2163 in
248 2118 383 2173 civilibello,
400 2116 544 2179 transfugiis3
562 2123 584 2163 et
597 2115 758 2177 exploratores,

95 2180 150 2231 curi
158 2181 245 2229 diversa
256 2183 438 2236 sciscitandum
449 2197 495 2227 non
506 2182 653 2228 occultabant.
680 2180 758 2235 Quieti

94 2248 222 2306 intentique
239 2244 332 2293 Caecina
342 2262 368 2293 ao
380 2246 470 2299 Valens,
487 2238 575 2306 quandd
587 2247 658 2294 hostis
673 2246 758 2307 impru-

96 2309 174 2359 dentia
184 2319 265 2365 rueret,
281 2312 342 2371 quod
352 2312 401 2358 loeo
413 2312 527 2374 sapientiae
537 2319 578 2365 est,
595 2310 690 2358 alienam
701 2310 758 2356 stul·

94 2376 169 2423 titiam
184 2376 358 2437 opperiebantur,
374 2377 478 2423 inchoato
490 2383 559 2437 ponte
573 2376 690 2423 transitum
702 2374 760 2424 Padi

97 2439 236 2493 simulantes,
252 2441 358 2487 adversus
369 2442 492 2501 oppositam
503 2440 649 2501 gladiatorum
661 2454 759 2492 manum,

96 2520 124 2551 ao
142 2519 172 2550 ne
188 2504 288 2565 ipsorum
305 2505 371 2551 miles
386 2520 455 2565 segne
471 2505 541 2550 otium
553 2509 641 2548 tereret.
674 2500 760 2553 Neues,

97 2569 146 2631 pari
164 2569 221 2615 inter
238 2583 263 2615 se
281 2569 358 2630 spatio,
375 2569 454 2614 validis
472 2568 582 2626 utrimque
599 2564 695 2610 trabibus
705 2577 761 2608 cou-

95 2647 172 2691 pexae,
189 2633 307 2681 adversum
318 2634 341 2681 in
352 2632 436 2679 flumen
447 2630 605 2693 dirigebantur,
616 2626 685 2690 jactis
696 2636 763 2682 super
