1834 2900
164 103 830 188 rso”HisToRIARUM‘Ln'macanos.necno.
906 171 907 176 1

164 238 260 284 militum
279 239 389 301 complet:
408 239 441 284 illi
458 238 557 287 trabibus
573 237 700 299 tegulisque
714 233 831 281 et'facibus

163 304 486 429 pruXXiiriiarireiirgriiiiris
498 368 523 413 in
533 366 669 413 testudinem
679 364 834 427 glomeraban-

164 437 207 485 tur,
225 433 292 479 etalii
300 434 344 479 tela
355 448 453 493 saxaque
462 433 607 484 incutiebant,
624 446 676 477 curn
685 432 831 491 languescere

164 496 270 557 paulatim
288 497 459 544 Vitellianorum
477 498 554 543 animi.
588 496 624 542 Ut
634 496 684 557 quis
697 494 777 540 ordine
791 506 831 537 an·

165 561 240 616 teibat,
257 562 335 609 cedere
345 562 455 609 fortunae:
476 577 513 618 ne,
526 558 640 609 Cremoni
650 574 741 620 quoque
751 554 832 610 exest.

167 626 230 672 nulla
241 627 300 673 ultra
310 627 382 680 venia,
399 628 516 685 omniaque
526 627 560 673 ira
575 626 673 678 victoris,
690 623 773 670 nonin
783 620 832 668 rul-

168 704 213 750 gus
230 691 300 752 inops,
318 692 391 737 sedin
403 692 504 737 tribunos
521 690 714 749 centurionesque,
731 687 769 733 ubi
782 700 833 747 pre·

159 754 224 801 'tium
236 756 303 803 caedis
312 763 367 811 eret,
379 762 537 801 reverteretur.
552 754 678 819 Gregorius
685 752 758 805 miles,
766 750 834 797 futuri

168 834 252 873 socors,
276 826 299 865 et
317 820 457 880 ignobilitate
476 820 552 872 rufior,
571 818 697 880 perstabat:
715 816 835 877 ragiper

168 884 224 937 vias,
240 885 264 930 in
276 884 376 930 domibus
388 884 464 941 abditi,
479 898 557 946 pacem
575 898 605 928 ne
618 890 667 928 tum
684 881 774 941 quidem
785 894 835 926 ora-

168 948 228 1002 bant,
246 962 297 994 cum
315 949 397 995 bellum
414 949 549 1009 posuerant.
567 945 697 993 xPrimores
710 952 835 993 cesorum

170 1012 252 1059 nomen
270 1020 336 1072 atque
352 1013 463 1073 imagines
474 1012 561 1059 Vitellii
577 1012 726 1058 amoliunturr
746 1017 837 1056 catenas

167 1074 272 1123 Caecinae
289 1080 352 1139 (nam
370 1077 436 1123 etiam
455 1086 503 1124 tum
520 1078 610 1124 ductus
628 1074 687 1134 erat)
708 1074 837 1127 evolvunt,
906 1087 907 1092 ’

170 1142 284 1201 orantque,
304 1148 328 1187 ut
339 1156 412 1188 causae
423 1156 472 1188 sure
482 1143 612 1203 deprecator
622 1142 726 1187 assistat:
745 1139 837 1200 adspeb

171 1212 261 1252 nantem
279 1213 447 1267 tumentemque
463 1206 568 1267 lacrymis
583 1206 679 1267 fatigant
698 1205 836 1267 (extremum
906 1241 907 1244 ,

169 1269 291 1331 malornm)
304 1270 470 1319 totvfortissimi
486 1272 535 1325 riri,
551 1271 671 1331 proditoris
688 1284 755 1330 opem
771 1269 837 1313 inro-

171 1344 248 1383 cantes
256 1353 261 1381 ε
270 1361 273 1366 -
281 1351 335 1382 mcx
352 1337 479 1383 velamenta
494 1343 518 1381 et
534 1335 616 1381 infulas
627 1350 668 1395 pro
678 1335 750 1379 muris
760 1339 838 1379 osten·

171 1406 228 1448 tant·
260 1396 319 1448 Cum
330 1400 454 1448 -Antonius
472 1401 566 1446 inhiberi
584 1400 629 1446 tela
642 1399 755 1462 jussisset,
772 1398 839 1460 signa
906 1450 907 1455 ¹

169 1466 299 1526 aquilasque
311 1464 423 1513 extulere:
443 1473 549 1512 moeatum
560 1465 678 1512 inermium
689 1478 781 1525 agmen
798 1463 838 1508 de·

168 1531 235 1592 jectis
244 1531 270 1584 in
281 1539 362 1577 terram
374 1531 450 1585 ocubs,
468 1531 608 1590 sequebatur.
630 1527 838 1592 circumstiterant
906 1576 907 1583 χ

171 1594 275 1650 victores,
292 1605 315 1641 et
322 1597 394 1657 primo
404 1596 537 1658 ingerebant
551 1596 638 1656 probra,
654 1593 796 1640 intentabant
805 1592 839 1638 ic·
906 1586 907 1605 ¹

169 1667 223 1706 tus:
238 1674 303 1714 mox,-
310 1671 335 1706 ut
345 1662 438 1722 praeberi
447 1677 487 1708 ora
497 1660 645 1714 contumeliis,
656 1667 687 1713 et,
697 1654 841 1720 positdomni
906 1662 907 1699 ξ

170 1723 260 1777 serocid,
269 1732 350 1771 cuncta
358 1726 410 1772 victi
419 1726 565 1786 patiebantur,
576 1725 636 1771 subit
645 1723 779 1776 recordatio,
788 1721 839 1767 illos
906 1728 907 1735 ¹

172 1803 228 1842 esee,
240 1789 278 1848 qui
289 1803 359 1850 nuper
370 1789 474 1836 Bedriaci
485 1789 587 1836 victoriae
596 1786 768 1850 temperdssent.
786 1785 839 1836 Sed·

171 1853 210 1898 ubi
222 1851 322 1906 Caecina,
338 1851 450 1914 praetexta
464 1854 623 1914 lictoribusque
637 1853 743 1915 insignis,
752 1848 840 1900 dimoti

171 1915 243 1971 turbis,
260 1917 338 1964 consul
349 1918 445 1971 incessit,
457 1916 562 1964 exarsere
571 1919 684 1964 victores:
703 1916 841 1977 superbiam,

173 1981 335 2042 saevitiamque,
351 1982 501 2045 (adeoinrisa
518 1983 602 2029 scelera
615 1979 680 2041 sunt)
692 1981 760 2028 etiarn
771 1978 841 2042 perti·
906 2000 907 2033 t

173 2047 239 2102 diam,
256 2047 403 2110 objectabant.
436 2046 530 2093 Obstitit
540 2047 663 2100 Antonius,
679 2045 784 2105 datisque
800 2044 841 2090 de-

171 2111 306 2169 fensoribus,
323 2113 352 2160 ad
362 2111 526 2174 Vespasianum
537 2111 628 2158 dimisit.

205 2173 318 2223 XXXII.
335 2177 403 2223 Plebs
418 2177 508 2222 interim
525 2174 713 2224 Cremonensium
729 2175 791 2222 inter
805 2189 844 2220 ar·
906 2180 907 2197 ¹

172 2249 246 2287 matos
257 2240 425 2290 conflictabatur
434 2258 440 2286 ι
460 2255 502 2286 nec
512 2241 591 2302 procul
602 2241 664 2287 caede
674 2241 775 2295 aberam,
787 2253 841 2285 cum

171 2306 274 2366 precibus
284 2305 366 2352 ducum
377 2305 425 2350 miti
443 2312 493 2351 atus
506 2312 542 2352 est
557 2306 628 2352 miles
661 2303 695 2350 Et
705 2308 802 2350 vocatos
814 2302 843 2349 a'd

173 2368 304 2415 concionem
323 2320 442 2416 Antonini
455 2369 582 2430 alloquitur,
598 2368 718 2431 magnifice
734 2369 843 2421 victores,

169 2433 247 2478 :victos
264 2432 398 2480 clementer:
419 2434 446 2480 de
458 2431 607 2481 Crernonbin
617 2440 731 2480 neutrum.
766 2432 845 2480 Exec-
906 2450 907 2485 1

172 2496 237 2550 citus,
250 2505 342 2557 praeter
361 2497 450 2544 insitam
469 2498 583 2559 praedandi
605 2498 741 2560 cupidinem,
765 2505 846 2544 vetere
906 2496 907 2509 ³

162 2560 225 2606 odio
237 2561 264 2606 ad
273 2562 396 2608 exscidium
409 2560 597 2610 Cremonensium
607 2563 716 2610 incubuit.
748 2561 847 2610 Jurisae
906 2574 907 2579 ¹

167 2631 248 2686 partes
259 2623 398 2685 Vitellianas,
416 2626 515 2676 Otboair
531 2643 621 2691 quoque
636 2627 702 2685 bello.
711 2628 847 2680 stellein·
