1834 2900
115 136 140 177 ·J.
149 132 173 175 c·
180 138 213 183 lo.
222 128 226 137 '
245 124 494 182 H'lsuoulsltuai
503 124 556 181 Lus,
563 131 598 182 11.
607 132 667 183 cn.
675 126 715 183 89.
754 135 785 182 98

117 263 200 311 additis
209 256 359 326 Cappadociae
369 263 503 326 legionibus.
525 262 651 312 Consilium
662 264 690 311 de
698 260 787 310 summi

119 344 196 375 rerum
208 328 287 390 B‘eryti
298 330 410 375 habiturn:
430 330 484 375 illuc
494 329 624 384 Mucianus,
640 345 691 375 cum
705 329 788 391 legatis

118 393 261 454 tribunisque
271 400 294 439 et
304 393 482 456 splendidissimo
491 409 581 455 quoque
590 396 746 441 centurionum
760 408 787 439 ac

120 458 226 512 militum,
242 460 319 515 veuit;
336 465 386 504 ete
403 458 500 507 Judaico
510 460 611 505 exercitu
628 458 686 505 lecta
699 459 788 505 decors.

122 520 223 568 Tantum
240 524 306 569 simul
316 524 414 585 peditum
426 525 578 584 equitumque,
594 530 618 569 et
634 523 787 569 aemulantium

121 587 181 633 iuter
192 602 217 633 se
227 602 306 649 regum
321 596 418 649 paratus,
435 589 533 651 speeiem
549 589 647 635 sonuum
661 587 789 650 principalis

120 651 249 699 effecerant,

119 732 122 737 ·
155 716 291 764 LXXXII.
308 716 386 764 Prima
400 718 453 764 belli
466 732 526 773 cura,
543 732 611 778 agere
621 716 720 763 delectus
726 732 734 773 3
751 727 793 761 τοι·

121 797 204 829 vocare
214 791 348 829 veteranos:
367 783 508 829 destinantur
517 782 598 829 validae
609 783 711 828 civitates
721 796 787 827 exer-

119 847 324 894 cendisarmorum
336 847 443 894 officinis:
463 846 522 909 apud
533 847 698 894 Antiochenses
709 859 787 892 aurum

121 918 287 973 argentumque
305 910 419 975 signatur:
448 926 520 972 eaque
537 920 618 959 cuncta
635 926 676 974 per
693 912 788 959 idoneos

120 978 245 1030 ministros,
268 976 314 1023 s‘uis
332 990 428 1038 quaeque
445 976 509 1032 loeis,
530 976 698 1023 festinabsutur.
736 973 790 1037 lpse

122 1040 277 1101 Vespasianus
287 1042 354 1097 adire,
371 1040 462 1097 hortari,
477 1042 550 1088 bonos
565 1042 637 1098 laude,
653 1056 735 1103 segnes
746 1054 787 1087 ex·

121 1106 205 1166 emplo,
221 1107 314 1153 incitare
331 1107 420 1169 saepius,
436 1119 504 1167 quam
515 1105 633 1164 co'e'rccre3
649 1107 705 1152 vitia
715 1105 789 1167 magis

122 1170 252 1226 amicorum,
268 1186 335 1231 quarn
346 1172 442 1217 virtutes
452 1170 601 1218 dissimulans.
632 1170 721 1217 Multos
728 1184 788 1232 prar-

121 1235 215 1282 lecturis
237 1242 261 1282 et
277 1236 477 1298 procurationibus,
493 1236 611 1297 plerosque
626 1236 731 1282 senatorii
750 1250 787 1281 or·

122 1301 181 1347 diuis
192 1301 278 1347 bonore
287 1301 403 1361 percoluit,
420 1301 526 1362 egregios
535 1301 690 1348 viros'etmox
701 1312 789 1346 summa

121 1365 229 1427 adeptum
241 1365 373 1426 quibusdam
381 1365 472 1412 fortuna
478 1380 520 1427 pro
527 1366 647 1411 virtutibus
656 1364 706 1411 fuit.
735 1362 788 1409 Do·

122 1432 225 1479 nativum
239 1430 305 1477 militi
317 1446 389 1492 neque
400 1428 523 1477 Mucianus
532 1428 604 1493 primi
613 1429 728 1484 concione,
745 1428 789 1476 nisi

122 1496 219 1549 modice,
234 1496 375 1554 ostenderam
392 1509 422 1542 ne
433 1495 586 1557 Vespasianus
596 1496 685 1557 quidem
696 1495 747 1556 plus
754 1494 789 1540 ci·

123 1560 165 1606 vili
180 1559 239 1606 bello
254 1560 339 1615 obtulit,
357 1575 423 1622 quam
434 1560 473 1606 alii
487 1562 511 1606 in
521 1575 591 1621 paces
608 1561 702 1622 egregie
710 1558 789 1606 lirmus

124 1625 233 1672 adversus
243 1625 360 1672 militarem
376 1626 526 1688 largitionem,
542 1639 614 1686 eoque
630 1625 729 1671 exercitu
737 1631 789 1669 me·

122 1690 188 1736 liore.
221 1689 325 1738 Missiad
336 1689 445 1738 Parthum
457 1689 636 1750 Armeniumque
642 1689 718 1751 legati,
735 1701 789 1748 pro·

122 1755 250 1816 visumque,
273 1770 309 1811 ue,
332 1756 404 1803 versis
422 1755 451 1802 ad
469 1755 536 1802 civile
552 1755 636 1802 bellum
657 1753 790 1817 legionibus,
864 1787 866 1796 .

123 1827 191 1881 terga
209 1820 352 1866 nudarentur.
384 1818 463 1867 'litum
482 1821 566 1867 instare
583 1819 678 1874 Judaeoe,
701 1817 790 1881 Vespa·

124 1885 212 1931 sianum
228 1885 328 1932 obtinere
343 1884 440 1932 claustra
450 1883 547 1947 AEgypti
561 1885 651 1946 placuit.
683 1883 791 1930 Sufficere
863 1900 866 1903 ¹

123 1949 257 1996 videbantur
275 1949 382 1996 adversus
393 1949 512 1996 Vitellium
522 1965 574 2012 pars
584 1950 697 2010 copiarum
709 1955 732 1994 et
742 1948 790 1994 dux

122 2013 250 2062 Mucianus
257 2022 281 2062 et
292 2013 425 2076 Vespasiani
432 2028 523 2069 nomen,
531 2029 558 2061 ac
565 2014 620 2060 nibil
628 2014 722 2060 arduum
730 2011 791 2058 satis.

123 2079 165 2126 Ad
184 2093 262 2126 omues
284 2079 396 2126 exercitus
416 2079 549 2140 legatosque
570 2079 659 2139 scriptae
681 2076 790 2138 epistolae,

121 2151 315 2207 praeceptumque,
332 2151 357 2190 ut
367 2145 521 2206 praetorianos,
528 2142 621 2189 Vitellio
630 2140 737 2197 infensos,
755 2155 791 2187 re·

122 2207 642 2334 cuplilllXmrl'llitllluldldddisodddluditqldditi
659 2285 735 2326 manu,
752 2285 791 2316 so·

122 2340 185 2385 cium
203 2339 277 2399 magis
295 2305 389 2399 imperii,
412 2353 479 2398 quam
497 2339 626 2385 ministrum
644 2351 722 2398 agens,
745 2350 792 2381 uon

121 2404 187 2451 lento
208 2403 294 2456 itinere,
317 2418 347 2448 ne
368 2403 469 2450 cuummi
485 2403 606 2457 videretur,
622 2415 695 2461 neque
709 2407 793 2446 'tamen

121 2481 253 2530 properans,
270 2467 366 2528 gliscere
375 2466 458 2514 lamam
472 2467 523 2528 ipso
532 2469 606 2528 spatio
617 2466 717 2520 sinebst;
734 2475 792 2524 gna·

123 2547 170 2586 rus,
187 2532 287 2578 modicas
295 2533 355 2578 vires
363 2532 411 2586 sibi,
428 2539 452 2578 et
460 2534 544 2593 maiora
552 2531 613 2576 credi
623 2530 652 2576 de
659 2527 794 2573 absentibus·

124 2597 242 2658 Sedlegio
254 2603 317 2642 senta
333 2605 356 2642 et
372 2596 479 2643 tredecim
490 2595 656 2642 vexillariorum
673 2590 744 2635 millia
755 2588 793 2630 in·

122 2661 189 2726 genti
206 2662 297 2724 agmine
313 2661 470 2724 sequebantur.
503 2657 607 2708 Classem
624 2671 639 2702 c
656 2647 796 2706 sosoma
