1834 2900
166 121 181 164 8
241 109 488 166 maronianum
499 111 580 162 Las-l.
588 109 694 162 Call.
715 113 829 157 uem.

160 258 223 292 muru
234 251 269 292 ost
279 243 307 290 ad
317 243 476 292 confluentiam
491 241 613 292 militm
625 241 701 297 utun.
711 256 754 290 neo
763 241 827 290 vitiis

161 324 204 356 neo
215 309 298 356 viribus
308 309 465 356 miscebantur.

193 373 226 420 X.
243 373 325 420 Oriens
335 374 407 420 adhue
415 375 530 420 immotus.
551 372 640 433 Syriam
651 378 674 418 et
682 377 777 432 quatuor
788 371 823 422 le-

160 439 241 500 giones
251 438 363 488 obtinebat
372 436 474 486 Licinius
484 438 614 492 Mucianus,
624 437 661 487 nir
670 437 774 490 mauis
784 436 825 482 ad·

160 503 276 562 versisque
283 504 350 565 juxta
360 502 467 550 sannaus.
499 502 606 564 Insignes
616 501 725 550 amicitias
731 501 825 562 juvenis

142 609 143 614 ,
162 567 279 614 ambitiose
289 567 401 615 soluerat:
421 568 575 623 mmattritis
585 567 672 627 opibus,
681 567 766 613 lubrico
778 572 824 612 sta·

161 638 195 689 tu,
215 630 318 694 suspecti
336 633 403 678 etiam
423 630 513 680 Claudii
531 629 651 685 iracundia
670 631 694 676 in
712 638 825 678 secretum

161 697 225 750 Asiae
234 698 349 758 repositus,
358 703 403 742 tam
412 711 481 758 prope
492 698 519 743 ab
530 696 608 743 exsule
614 696 663 750 luit,
672 709 739 755 quam
747 702 827 754 postea

161 763 290 822 aprinaipe.
323 759 431 815 Luxurib,
443 759 558 816 industrii,
566 761 677 814 comitate,
689 756 825 819 arrogantii,

161 827 226 872 malis
234 825 341 884 bonisque
348 825 431 876 artibus
439 826 535 872 mistos:
550 825 626 876 nimiae
633 824 766 884 voluptates
772 839 826 870 oum

161 897 265 946 vacaret;
282 889 369 950 quoties
379 889 513 950 expedierat,
523 904 614 950 magnae
623 890 731 940 virtutes:
750 888 825 948 palam

161 954 253 1010 laudes;
270 960 356 1000 secreta
364 953 422 1000 male
429 954 554 1002 audiebant.
581 954 632 1000 Sed
640 953 697 1014 apud
706 953 826 1013 saisjeetos,

162 1018 221 1080 apud
228 1019 349 1080 proximos,
358 1017 416 1079 apud
424 1017 529 1079 collegas,
537 1017 721 1066 variisilleoebris
727 1024 826 1078 poteus3

161 1090 185 1130 et
196 1083 231 1129 oui
247 1083 371 1143 expeditius
385 1081 453 1129 suerit
467 1083 554 1130 tradere
567 1082 690 1144 imperium,
702 1095 769 1142 quam
784 1082 826 1128 ob·
914 1106 915 1113 κ

58 1197 65 1219 k
161 1149 241 1194 tinere.
274 1146 362 1194 Bellum
374 1145 494 1194 Judaioum
507 1145 598 1195 Flavius
609 1145 762 1208 Vespasianus
770 1146 826 1209 (du-
914 1136 915 1155 ³

162 1227 211 1258 cem
226 1226 276 1259 eum
290 1211 353 1258 Nero
361 1208 493 1273 gdelegerat)
505 1212 575 1258 tribus
588 1211 715 1273 legionibus
728 1209 825 1258 admini-
914 1248 915 1253 ,

162 1271 267 1323 strabab'
284 1275 335 1323 Nee
352 1275 493 1336 Vespasiano
510 1276 617 1329 odoenus
633 1275 729 1323 Galbam
745 1282 825 1322 votum

161 1349 200 1387 aut
211 1341 306 1388 animus.
339 1339 429 1401 Quippe
435 1339 523 1395 Titum,
533 1338 611 1394 tilium,
619 1340 825 1389 adumerationmr

161 1405 290 1466 cultumque
306 1405 354 1469 eJus
369 1405 469 1460 miserat,
483 1411 510 1452 ut
525 1419 566 1453 suo
581 1404 632 1453 loco
645 1403 827 1453 memorabimus.

162 1468 258 1520 Occulti
268 1470 321 1531 lege
331 1470 371 1517 fati
382 1476 406 1517 et
416 1470 511 1518 ostentis
525 1484 552 1517 aa
566 1470 678 1532 responsis
688 1469 826 1517 destinatum

62 1558 65 1565 ·
130 1568 134 1577 r
160 1534 300 1595 Vespasiano
314 1534 433 1597 liberisque
446 1536 495 1597 eJ'us
508 1535 633 1599 imperium,
644 1544 696 1597 post
710 1533 825 1583 fortunam

160 1598 300 1647 credidimus.

194 1662 240 1710 XI.
257 1662 385 1727 AEgyptum
396 1662 521 1727 copiasque,
532 1664 612 1725 quibus
622 1663 769 1718 misceretur,
775 1665 826 1725 jnm

161 1728 214 1775 inde
224 1744 238 1775 a
248 1727 281 1775 D.
289 1729 403 1791 Augusto,
414 1730 502 1789 equites
508 1729 608 1777 Romani
615 1730 716 1777 obtinent
726 1729 777 1777 loeo
789 1744 825 1775 re·
836 1777 839 1782 ,

161 1808 225 1855 gum.
256 1792 293 1840 Ita
302 1795 377 1841 visum
393 1794 504 1855 expedire,
515 1794 652 1857 provinciam
667 1794 729 1844 aditu
744 1792 825 1841 diffisi·

161 1858 213 1911 lem,
225 1872 321 1905 annonae
334 1857 461 1913 fecundam,
472 1858 629 1921 superstitione
638 1874 665 1905 ao
675 1855 768 1905 lasciviis
777 1857 825 1903 (lis-

161 1922 252 1969 oordem
271 1937 298 1969 ao
315 1923 429 1978 mobilem,
445 1923 537 1971 insciam
556 1923 640 1985 legum,
657 1923 758 1985 ignom
776 1937 826 1969 ma·

161 1988 302 2049 gistratum,
320 1987 380 2035 domi
399 1987 502 2035 retinere.
533 1987 639 2049 Regebst
656 1995 705 2033 tum
721 1986 826 2037 'liberius

160 2052 298 2108 Alexander,
309 2052 407 2115 ejusdem
423 2052 527 2099 nationis.
560 2051 639 2099 Africa
651 2066 681 2104 ao¹
687 2051 791 2113 legiones
796 2052 825 2101 ‚in

161 2115 195 2171 ei,
211 2116 330 2167 interiecto
342 2114 424 2165 Clodio
435 2116 524 2172 Macro,
540 2124 654 2165 oonoentae
670 2117 828 2177 qualicumque

160 2180 826 2311 lillibililiilillililiiililfflsblss

159 2311 339 2372 procuratoribus
347 2310 519 2366 oohibentur‚,ut
529 2310 610 2371 cuique
619 2312 728 2359 uerutui
737 2310 825 2365 steine,

161 2376 192 2421 ita
202 2375 225 2423 in
235 2374 337 2421 savorem
353 2380 392 2421 aut
407 2376 483 2423 odium
493 2381 599 2422 contactu
608 2375 758 2423 valentiorum
769 2390 826 2436 age-

143 2440 249 2485 bantur.
280 2437 383 2488 Inetmes
401 2440 531 2501 provinciae,
549 2446 618 2499 atque
635 2440 684 2501 ipsa
705 2441 729 2485 in
748 2440 826 2501 primis

162 2500 234 2558 ltalia,
246 2504 378 2563 cuicumque
394 2504 486 2549 servibo
500 2504 607 2564 exposita,
621 2503 645 2549 in
661 2505 759 2564 pretium
773 2504 825 2555 belli

141 2610 144 2617 .
160 2581 258 2615 oessum
268 2574 339 2615 erant.
371 2566 420 2613 Hie
432 2567 476 2613 fuit
491 2581 565 2614 rerum
576 2566 732 2616 Romanunm
746 2575 826 2620 status.

160 2645 214 2685 cuna
227 2632 277 2684 Ser.
287 2632 362 2681 Galba
376 2630 465 2687 iterum,
476 2630 544 2679 'litus
554 2629 645 2687 Vinius,
661 2632 774 2687 eonsules,
790 2633 826 2683 in·
