1834 2900
178 121 210 164 86
259 109 507 161 Hls'uonlnltnns
515 107 595 158 Lml.
606 105 667 158 Car.
675 112 716 157 6⁶.
725 111 757 151 U.
764 110 790 151 c.
798 115 843 153 ets.

176 243 212 290 vis
222 243 300 289 laetitia
308 241 357 295 l'uit,
374 241 500 288 cohortium
508 240 647 301 intemperie,
657 253 720 300 quas,
732 237 842 300 alegione

178 305 349 369 quartadecima,
367 313 468 366 utsupra
478 305 658 356 memorarimus,
673 304 793 365 digressus,
802 317 842 348 ex·

177 372 256 419 ercitui
273 387 313 418 suo
332 370 414 417 Fabius
430 369 516 416 Valens
533 370 671 431 udJunserat.
701 367 785 429 Jurgis
798 368 844 427 pri·

177 451 254 482 mum:
273 450 328 482 mox
338 437 386 482 risa
396 437 455 482 inter
470 433 570 480 Batavos
586 441 610 479 et
627 432 771 494 legionarios,
788 431 840 477 dum
904 480 905 491 ἵ

176 501 211 547 his
231 508 269 547 sut
289 501 332 547 illis
351 501 424 547 studia
440 499 537 545 militum
556 505 715 559 aggregantur,
731 511 803 557 prope
819 495 840 540 is

119 559 122 570 ’
174 565 279 628 proelium
296 563 415 620 exarsdre;
432 563 455 609 ni
473 562 560 609 Valens
576 561 770 608 animadversione
784 575 839 621 pau·
904 556 905 607 Ξ

175 645 254 677 corum
283 630 362 678 oblitos
379 631 427 690 Jam
451 627 551 674 Batavos
572 626 658 686 imperii
680 626 839 672 admonuisset.
904 622 905 639 ¹

176 694 270 742 Frustra
286 695 393 742 adversus
409 691 498 738 AEduos
514 691 609 751 quaesita
623 690 675 736 belli
685 705 767 736 causa:
781 689 839 751 jussi

174 761 291 822 pecuniam
303 767 369 819 atque
380 773 441 804 unna
448 755 542 808 deferre,
553 756 663 817 gratuitos
673 754 766 816 insuper
775 769 838 800 oom-

173 833 261 872 meatus
278 820 406 886 praebudre:
425 821 486 882 quod
507 820 577 866 AEdui
594 818 721 872 formidine,
738 818 836 880 Lugdu·

174 905 256 936 nenses
266 888 348 950 gaudio
363 885 445 932 ferire.
480 885 525 932 Sed
536 885 597 944 legio
608 880 686 929 Italica
696 891 720 929 et
730 883 767 929 ala
776 881 839 928 Tau·

174 955 222 1000 'rina
233 953 339 998 abductae.
373 949 496 998 Cohortem
511 949 712 995 duodevicesimam
724 947 839 1008 Lugduni,

174 1017 245 1064 solitis
253 1017 293 1062 sibi
302 1017 404 1070 hibernis,
413 1014 508 1074 relinqui
518 1013 608 1075 placuit.
635 1011 736 1058 Manlius
744 1011 839 1067 Valens,

173 1082 261 1144 legatus
270 1079 355 1127 Italicae
366 1081 471 1142 legionis,
488 1092 621 1139 quamquam
631 1077 689 1122 bene
700 1077 728 1123 de
738 1077 838 1137 partibus

173 1147 272 1199 meritus,
290 1145 351 1191 nullo
365 1145 422 1206 apud
438 1143 556 1190 Vitellium
573 1144 659 1187 honore
669 1140 725 1186 fuit:
745 1141 838 1188 secretis

172 1226 224 1258 eum
235 1209 424 1257 criminationibus
432 1208 578 1255 infamaverat
589 1206 671 1253 Fabius
681 1206 796 1267 mnarum,
806 1213 837 1260 et,

172 1291 217 1337 quo
227 1276 337 1322 incautior
346 1274 491 1334 deciperetur,
508 1273 580 1334 palam
592 1271 712 1318 laudatum.

110 1363 114 1372 =
204 1338 285 1385 va.
294 1338 400 1385 Veterem
409 1339 467 1384 inter
475 1337 641 1399 Lugdunenses
649 1335 837 1396 Viennensesque

169 1405 302 1452 discordiam
313 1403 439 1467 proximum
450 1402 533 1449 bellum
544 1401 688 1449 accenderat:
708 1400 787 1448 multae
802 1401 837 1446 in·

169 1471 242 1516 vicem
254 1469 333 1523 clades,
351 1470 449 1515 crebrius
460 1464 611 1527 infestiusque,
628 1480 695 1527 quam
707 1472 733 1512 ut
748 1473 836 1511 tantum

168 1540 260 1597 propter
268 1532 384 1579 Neronem
396 1532 536 1593 Galbamque
543 1538 686 1593 pugnaretur.
718 1529 752 1577 Et
764 1530 837 1577 Galba

169 1598 253 1646 reditus
265 1596 459 1661 Lugdunensium,
471 1598 588 1643 occasione
598 1598 645 1649 irae,
656 1596 679 1641 in
690 1593 771 1641 mcum
782 1610 835 1641 ver·

169 1670 241 1711 teratz
267 1662 352 1710 multus
371 1670 449 1709 contra
465 1663 488 1707 in
508 1660 651 1707 Viennenses
669 1661 755 1706 honor:
775 1659 836 1705 unde

168 1728 281 1775 anuntio
290 1736 312 1773 et
323 1728 412 1780 invidia,
424 1734 447 1773 et
458 1742 506 1773 uno
516 1740 583 1772 amne
593 1724 695 1771 discretis
705 1738 835 1770 connexum

167 1793 251 1839 odium.
285 1790 360 1854 Igitur
381 1789 549 1853 Lugdunenses
568 1789 711 1837 exstimulsre
730 1788 836 1849 singulos

167 1856 271 1911 militum,
288 1864 311 1903 ct
330 1858 353 1903 in
372 1857 511 1903 eversionem
531 1855 694 1901 Viennensium
711 1853 835 1914 impellere,

167 1922 280 1969 obsessam
298 1920 385 1969 abillis
403 1920 514 1967 coloniam
536 1934 608 1976 susm,
625 1919 712 1981 sdJ'utos
730 1916 835 1965 Vindicis

165 1994 268 2045 conatus,
285 1987 422 2048 conscriptas
444 2001 515 2048 nuper
536 1986 637 2046 legiones
659 1984 683 2029 in
703 1982 834 2043 prandium

166 2053 247 2100 Gulbae
258 2052 388 2099 referendo:
407 2059 437 2106 et,
453 2052 491 2097 ubi
503 2064 580 2097 causas
594 2049 695 2095 odiorum
706 2047 835 2109 pretende·

163 2126 221 2172 rant,
239 2118 416 2179 magnitudinem
434 2116 518 2177 prsedae
532 2114 684 2160 ostendebant
717 2110 769 2158 Nec
784 2113 834 2174 jam

164 2188 249 2229 secreta
260 2177 393 2235 exhortatio,
406 2181 445 2227 sed
456 2179 551 2241 publicae
561 2193 652 2239 preces:
668 2174 732 2223 irent
740 2176 833 2231 ultores,

129 2246 133 2261 ¹
163 2245 402 2293 exscinderentsedem
415 2245 498 2292 Gallici
509 2244 573 2290 belli:
593 2242 727 2290 cunctsillic
738 2249 835 2289 externa

154 2318 187 2357 'et
197 2310 298 2356 hostilia:
319 2324 343 2355 se
354 2310 464 2356 coloniam
481 2308 615 2362 Romam,
633 2314 656 2354 et
666 2313 753 2368 partem
764 2320 832 2353 exer·

161 2372 226 2426 cittis,
244 2379 266 2417 et
283 2387 437 2433 prosperarum
453 2374 643 2431 adversarumque
652 2385 727 2418 rerum
738 2371 829 2418 socios:

161 2437 180 2483 si
192 2435 283 2482 fortune
293 2444 372 2482 contra
383 2436 451 2491 daret,
468 2438 531 2482 iratis
542 2451 572 2482 ne
582 2436 767 2495 relinquerentur.

154 2504 157 2515 '
194 2497 532 2561 minturnensem
546 2500 649 2546 eumdem
661 2499 760 2553 modum,
777 2514 831 2561 pets·

161 2563 271 2625 pulemut,
288 2570 354 2609 utne
373 2564 441 2624 legati
453 2564 551 2624 quidem,
568 2578 594 2609 uc
605 2564 674 2610 duces
685 2564 782 2625 partium
795 2578 832 2609 re·

160 2626 244 2690 stingui
252 2643 319 2690 posse
326 2628 464 2676 iracundiam
474 2627 587 2676 exercitus
595 2628 753 2675 ubitrarentur
760 2644 769 2686 ;
777 2642 831 2675 cum
