1834 2900
156 104 203 149 1³0
219 98 467 151 HISTORIARUM
477 100 584 153 lnam
595 103 699 154 (ἕως.
707 107 820 149 U.c.att.

153 230 270 276 rebantur:
288 238 314 277 et
323 232 390 293 ipsos,
408 234 431 280 in
439 236 532 298 regione
538 236 598 282 bello
608 234 691 291 attriffi,
706 236 784 297 inopia
793 242 817 283 et

155 293 267 340 seditiosae
283 298 378 343 militum
396 314 465 346 voces
480 302 599 355 terrebant,
615 302 736 348 clavarium
752 298 818 365 flagi·

153 359 248 403 tantium
259 378 264 403 :
285 376 326 407 nec
336 365 453 423 pecuniam
464 372 503 411 aut
512 364 649 411 trumentum
660 367 818 428 providemus

153 430 177 468 et
190 422 304 471 festinatio
321 437 387 489 atque
398 430 492 476 aviditas
502 430 673 493 praepediebant,
690 432 751 487 dunt,
767 446 819 492 quas
907 471 908 474 ,

154 488 223 549 accipi
234 497 344 551 poterant,
360 495 483 555 rapiuntur.

186 550 229 599 Li.
248 552 410 604 Celeberrimos
424 568 527 607 auctores
537 561 614 616 tabeo,
630 568 717 608 tantam
728 560 820 607 victori·
907 543 908 548 ¹

153 616 195 663 bus
215 619 322 668 adversus
339 622 372 669 saa
391 622 498 685 nefasque
515 626 683 673 irreverentiam
701 625 779 678 fuisse,
795 632 820 673 ut

154 686 273 743 gregarius
283 700 358 746 eques,
375 690 473 735 occisum
484 704 536 744 ase,
548 690 651 751 proximi
662 692 716 746 acie,
728 690 819 737 fratrem

154 748 273 809 professus,
286 754 401 813 praemium
414 754 633 816 aducibuspetierit.
666 755 718 801 Nec
729 756 774 801 illis
782 762 821 802 aui

155 810 265 861 honorare
281 830 330 861 earn
344 818 476 880 caedemjus
485 820 609 873 hominurn,
625 827 664 866 aut
674 820 752 867 ulcisci
764 821 821 869 ratio

154 876 212 932 belli,
235 881 383 939 permittebat.
423 882 572 938 Distulerant,
596 893 710 945 tamquam
735 887 821 947 majora

60 942 61 948 ’
154 942 265 997 meritum,
277 960 343 1004 quarn
355 959 405 1005 quae
414 950 490 995 statim
500 950 683 996 exsolverentur:
703 950 820 1011 necquid-

154 1020 220 1066 quam
239 1007 296 1055 ultra
313 1012 413 1059 traditur.
447 1012 561 1061 Caeterum
579 1022 602 1061 et
616 1016 726 1076 prioribus
736 1016 821 1062 civium

152 1070 218 1116 bellis
233 1084 273 1132 par
289 1074 362 1122 scelus
381 1077 501 1126 inciderat—2
522 1094 572 1126 nam
590 1080 679 1141 proellos
696 1080 821 1143 q¹¹⁰v⁸l²l¹ll
907 1125 908 1132 κ

153 1131 283 1182 daniculum
303 1140 410 1187 adversus
431 1142 527 1191 Cinnam
544 1150 669 1206 pugnatum
688 1153 730 1200 est,
747 1142 819 1191 Pom·

152 1200 245 1259 peianus
262 1202 327 1250 miles
343 1204 434 1253 tratrem
446 1222 518 1265 suum,
534 1210 594 1264 dein,
610 1211 703 1271 cognito
712 1210 821 1267 iocinore

153 1264 251 1327 seipsum
262 1268 379 1326 interiecit,
391 1280 417 1318 ut
428 1272 524 1321 Sisenna
534 1283 655 1321 memorat:
676 1282 740 1321 tanto
748 1276 821 1321 acrior

154 1332 212 1393 apud
231 1334 333 1397 majores,
358 1336 416 1383 sicut
434 1338 552 1385 virtutibus
574 1340 653 1401 gloria,
678 1341 710 1386 ita
728 1339 823 1402 flagitiis

152 1395 292 1456 l’oessstessllb
308 1399 357 1448 fuit.
391 1402 436 1450 Sed
453 1404 503 1450 haec
519 1404 611 1465 aliaque,
635 1418 664 1452 ex
680 1406 752 1452 veteri
770 1419 820 1451 me·
907 1445 908 1449 ,

71 1495 76 1505 ,
152 1459 226 1506 morit
236 1464 310 1522 petita,
327 1467 415 1526 quoties
426 1481 463 1514 res
473 1468 580 1529 locusque
590 1470 694 1532 exempla
705 1471 767 1524 recti,
780 1477 820 1517 aut
907 1480 908 1533 3

151 1524 232 1570 solatia
242 1528 301 1582 mali,
319 1540 402 1590 poscet,
417 1533 476 1578 baud
486 1534 580 1580 absurde
589 1536 771 1582 memorabimus.
907 1574 908 1583 ,

152 1609 158 1617 ·
184 1587 241 1637 LII.
258 1593 364 1651 Antonio,
377 1596 512 1658 ducibusque
522 1600 625 1660 partium,
636 1600 743 1661 praemitti
754 1600 820 1661 equi·
831 1649 837 1659 Ι

150 1659 192 1710 tes,
210 1671 344 1718 omnemque
364 1659 482 1708 Umbriam
498 1664 608 1724 explorari
626 1663 717 1726 placuit,
735 1665 754 1710 si
773 1661 820 1725 qud

150 1717 266 1780 Apennini
279 1724 337 1786 juga
354 1725 487 1773 clementius
502 1728 627 1776 adirentur:
647 1730 714 1775 acciri
732 1730 819 1790 aquilas

150 1783 266 1845 signaque,
283 1795 308 1832 et
325 1789 430 1848 quidquid
448 1791 547 1839 Veronae
564 1795 660 1840 militum
677 1794 749 1840 foret:
770 1793 818 1841 Pa·

151 1845 278 1909 dumqueet
290 1865 351 1898 mure
359 1857 518 1904 commeatibus
526 1859 639 1920 compleri.
672 1856 820 1907 Erantinter

148 1909 224 1966 duces,
242 1915 279 1976 qui
291 1924 405 1964 necterent
416 1935 503 1968 moras:
523 1924 604 1985 quippe
614 1923 696 1969 nimius
701 1925 752 1986 jam
765 1924 819 1970 Aa·
907 1960 908 1995 1

149 1977 231 2034 tonius,
243 1987 266 2024 et
277 1982 370 2029 certiora
381 1997 410 2030 ex
421 1985 530 2033 Muciano
542 1991 690 2050 sperabantur.
709 1989 820 2050 Namque

150 2039 279 2100 Mucianus,
297 2053 342 2094 tam
353 2049 419 2095 celeri
430 2051 523 2098 victorii
531 2054 617 2107 anxius,
634 2060 664 2106 et,
680 2054 704 2099 ni
715 2069 819 2115 praesens

150 2105 214 2154 Urbe
224 2111 341 2170 potiretur,
353 2123 467 2177 expertem
478 2132 503 2163 se
513 2118 564 2164 belli
572 2119 696 2180 gloriaeque
707 2127 776 2174 ratus,
787 2119 819 2165 ad
902 2116 908 2129 “

149 2169 252 2220 PrImum
263 2184 286 2221 et
293 2175 317 2221 V
317 2193 378 2224 arum
387 2181 459 2227 media
466 2183 608 2244 scriptitabat,
615 2184 744 2230 instandum
751 2198 819 2246 coep·

146 2237 184 2291 tis,
202 2246 240 2284 aut
252 2255 329 2287 rursus
348 2245 466 2290 cunctandi
483 2248 589 2294 utilitates
600 2249 731 2301 edisserens,
748 2256 820 2308 atque

146 2301 181 2348 tta
189 2305 333 2364 compositus,
350 2314 375 2352 ut
386 2323 414 2354 ex
425 2319 508 2357 eventu
516 2327 590 2358 rerum
598 2313 691 2359 adversa
699 2314 818 2368 abnueret.

148 2365 186 2410 vel
201 2381 311 2428 prospera*
320 2382 459 2431 agnosceret.
493 2374 592 2422 Plotium
606 2378 725 2440 Griplrum,
743 2385 819 2440 nuper

146 2428 175 2473 sb
193 2428 331 2492 Vespasiano
348 2436 372 2481 in
390 2439 526 2486 senatorium
545 2442 646 2488 ordinem
663 2443 771 2497 additum,
788 2456 819 2491 ac

146 2489 230 2552 legioni
249 2499 399 2558 prepositum,
417 2511 556 2566 ceterosque
574 2507 614 2552 sibi
633 2505 698 2562 fidos,
714 2509 819 2570 apertius

144 2559 239 2606 monuit
272 2557 337 2623 lique
345 2579 430 2622 omnes,
442 2568 471 2616 de
481 2568 625 2620 tesunatione
636 2570 709 2620 Prinu‘
720 2587 747 2622 sc
756 2571 819 2624 vat
