1834 2900
107 133 205 180 &il-7⁰·
232 132 580 183 HISTORIARUMLmIL
590 131 716 182 Canto„
744 132 776 180 67

10 285 11 288 “
101 263 172 326 reptio
189 265 287 320 sarcinis,
304 265 445 312 tabernacula
462 265 530 318 ducis,
547 265 661 326 ipsamque
673 264 766 310 humum

100 329 153 390 pilis
164 334 188 375 et
197 329 280 375 lanceis
291 331 438 377 rimabantur:
459 344 511 376 nam
525 327 608 375 Valens
618 329 693 376 seculi
702 335 765 376 veste

95 393 161 454 apud
171 393 312 440 decurionem
321 396 419 454 equitum
430 395 554 455 tegebatur.
573 392 633 440 Turn
645 393 764 454 Alphenns

99 455 186 511 Varus,
208 457 325 520 prefectus
346 467 476 513 castrorum,
499 457 636 518 deflagrante
656 458 762 518 paulatim

99 522 216 578 seditione,
233 523 292 569 addit
307 523 431 579 consilium,
448 523 524 569 vetitis
539 523 600 569 obire
610 521 698 583 vigilias
708 537 762 569 cen·

99 586 230 640 tutionibus,
254 589 336 634 omisso
355 589 415 634 tubae
433 602 498 643 sono,
518 603 563 648 quo
581 587 646 633 miles
663 587 692 632 ad
709 586 762 635 belli

97 652 176 698 munia
185 653 263 698 cietur.
295 651 370 714 Igitur
379 659 467 714 torpere
478 653 559 704 cuncti,
576 651 762 712 circumspectare

96 716 157 762 inter
173 731 198 762 se
213 717 315 764 attoniti:
335 723 358 764 et
374 717 398 762 id
412 718 492 778 ipsum,
509 717 569 777 quod
586 731 652 762 nemo
663 722 760 776 regeret,

95 788 220 842 paventem
237 781 331 834 silentio,
348 779 463 842 patientib,
479 788 592 842 postremo
613 780 714 842 precibus
732 795 760 827 ac

93 845 201 905 lacrymis
216 846 304 892 veniam
322 847 456 905 quaerebant.
491 845 525 892 Ut
542 861 595 892 vero
613 844 719 892 deformis
736 852 760 892 et

94 907 159 964 flens,
176 917 200 956 et
218 918 299 971 praeter
317 926 378 972 spem
396 910 521 964 incolumis,
538 909 623 957 Valens
642 909 757 970 processit,

93 975 208 1035 gaudium,
226 975 347 1031 miseratio,
357 974 433 1022 favor:
454 975 513 1020 versi
523 976 546 1020 in
556 975 664 1029 laetitiam,
676 977 714 1037 (ut
721 981 758 1020 est

92 1038 177 1099 vulgus
188 1045 282 1100 utroque
297 1037 450 1098 immodicum)
465 1039 581 1086 laudantes
591 1046 756 1101 gratantesque,

91 1103 254 1150 circumdatum
262 1103 340 1164 aquilis
351 1105 465 1166 signisque
472 1105 495 1149 in
503 1104 598 1150 tribunal
608 1103 690 1150 serunt.
712 1103 756 1150 Ille

91 1166 142 1213 utili
151 1167 301 1214 moderatione
309 1183 355 1214 non
363 1169 494 1230 supplicium
502 1170 630 1230 cujusquam
638 1171 751 1231 poposcit:

90 1247 118 1278 ac
130 1246 160 1277 ne
170 1231 310 1278 dissimulans
322 1234 443 1294 suspectior
452 1233 517 1287 foret,
534 1249 617 1294 paucos
626 1234 753 1292 incusavit,

89 1311 176 1357 gnarus
192 1297 292 1343 civilibus
308 1297 371 1343 bellis
384 1298 435 1359 plus
445 1297 560 1354 militibus,
574 1313 640 1358 quam
651 1298 752 1356 ducibus,

87 1361 164 1407 licere.
366 1384 369 1390 ·

121 1425 208 1473 XXX.
223 1427 379 1477 Munientibus
389 1435 463 1477 castra
468 1430 530 1493 apud
539 1427 651 1485 licinum,
669 1428 697 1475 de
710 1429 750 1475 nd·

88 1490 157 1538 uersi
168 1490 267 1539 Caeciuae
275 1494 351 1556 pugna
359 1495 456 1549 allatum,
469 1503 492 1541 et
501 1512 570 1557 prope
580 1503 687 1542 renovata
697 1494 748 1541 aed·

87 1557 137 1611 itio,
162 1564 273 1617 tamquam
294 1558 372 1605 fraude
396 1568 419 1606 et
446 1560 624 1606 cunctationibus
643 1558 747 1605 Valentis

84 1621 167 1683 proelio
185 1621 312 1670 defuissent.
344 1622 413 1671 Nolle
432 1625 538 1684 requiem,
555 1640 601 1670 non
619 1631 750 1685 exspectare

85 1688 174 1739 ducem,
191 1688 275 1733 anteire
288 1689 359 1750 signa,
377 1704 458 1751 urgere
468 1687 600 1751 signiferos:
620 1688 695 1750 rapido
706 1702 748 1749 ag-

84 1752 147 1797 mine
158 1748 258 1799 Caecinae
264 1752 307 1814 jun
325 1760 399 1799 untur.
425 1751 568 1815 Improspera
577 1750 681 1800 Valentis
688 1751 748 1801 fa'ttaa

83 1816 144 1877 apud
162 1817 285 1862 exercitum
305 1768 404 1865 lecina
422 1827 483 1865 erat:
508 1818 622 1881 expositos
640 1833 665 1864 se
683 1824 746 1865 tanto

81 1880 200 1942 pauciores
216 1880 310 1943 integris
326 1883 424 1929 hostium
436 1884 527 1938 viribus,
542 1884 696 1943 querebantur,
713 1884 745 1929 si·

82 1944 138 1999 mul,
155 1944 178 1990 in
191 1960 258 2001 suam
276 1948 449 2003 excusationem,
465 1954 489 1995 et
499 1948 665 1995 adventantium
677 1948 744 1993 robur

80 2024 122 2071 pm
132 2009 282 2058 adulationem
293 2012 426 2067 attollentes,
443 2026 473 2059 ne
483 2019 508 2058 ut
519 2012 573 2059 victi
583 2019 606 2058 et
616 2012 692 2073 ignavi
703 2011 743 2057 de·

79 2074 241 2137 spectaremur.
273 2073 307 2122 Et
313 2090 445 2137 quamquam
456 2078 507 2139 plus
517 2077 605 2128 virium,
621 2090 691 2137 prope
701 2076 743 2121 du·

78 2140 176 2201 plicatus
186 2140 301 2201 legionum
311 2142 489 2203 auxiliorumque
505 2156 612 2187 numerus
629 2150 676 2187 erat
693 2138 742 2186 Va·

77 2204 141 2259 lenti,
159 2205 232 2251 studia
242 2212 318 2252 tamen
328 2206 422 2253 militurn
433 2208 457 2253 in
469 2205 585 2255 Caecimm
592 2205 743 2263 inclinabant;

78 2284 146 2331 super
162 2268 323 2331 benignitatem
338 2272 412 2327 animi,
429 2271 473 2332 qud
488 2271 598 2333 promtior
614 2271 741 2325 habebatur,

77 2335 145 2381 etiam
162 2334 242 2397 uigore
253 2335 331 2391 sentis,
347 2337 479 2398 proceritate
488 2336 594 2398 corporis,
610 2342 634 2381 et
645 2336 741 2395 quodam

76 2399 138 2447 inani
153 2398 239 2447 favore.
272 2399 335 2447 Hinc
346 2401 458 2448 aemulatio
467 2402 568 2448 ducibus.
600 2398 742 2455 cecinam

76 2462 164 2511 toenum
180 2472 203 2511 et
220 2465 365 2521 maculosum,
381 2466 425 2519 ille,
442 2473 468 2511 nt
484 2480 568 2513 vanum
586 2479 612 2509 ac
623 2465 739 2517 tumidum,

75 2528 203 2575 irridebant.
237 2528 282 2575 Sed
290 2530 380 2577 condito
391 2530 449 2584 odio,
466 2530 567 2576 eamdem
576 2528 694 2575 utilitatem
705 2526 742 2570 fo·

76 2608 136 2648 uere,
154 2594 237 2640 crebris
254 2594 361 2655 epistolis,
377 2595 425 2641 sine
442 2602 546 2654 respectu
564 2592 644 2645 veniae,
660 2589 742 2649 probra

77 2656 164 2707 Othoni
185 2658 321 2721 objectantes
327 2676 336 2718 ς
354 2674 405 2707 cnm
427 2658 495 2705 duces
516 2656 614 2718 partium
636 2650 741 2702 Othonis,
