<?xml version="1.0" encoding="UTF-8"?>
<!DOCTYPE html PUBLIC "-//W3C//DTD XHTML 1.0 Transitional//EN"
    "http://www.w3.org/TR/xhtml1/DTD/xhtml1-transitional.dtd">
<html xmlns="http://www.w3.org/1999/xhtml" xml:lang="en" lang="en">
 <head>
  <title>
</title>
<meta http-equiv="Content-Type" content="text/html;charset=utf-8" />
  <meta name='ocr-system' content='tesseract 3.04.00' />
  <meta name='ocr-capabilities' content='ocr_page ocr_carea ocr_par ocr_line ocrx_word'/>
</head>
<body>
  <div class='ocr_page' id='page_1' title='image "./opera02obergoog_0210.png"; bbox 0 0 1834 2900; ppageno 0'>
   <div class='ocr_carea' id='block_1_1' title="bbox 151 96 812 151">
    <p class='ocr_par' dir='ltr' id='par_1_1' title="bbox 151 96 812 151">
     <span class='ocr_line' id='line_1_1' title="bbox 151 96 812 151; baseline 0.002 -6"><span class='ocrx_word' id='word_1_1' title='bbox 151 100 202 145; x_wconf 77' lang='lat' dir='ltr'>em</span> <span class='ocrx_word' id='word_1_2' title='bbox 217 96 463 147; x_wconf 78' lang='lat' dir='ltr'><strong>HISTORIARUM</strong></span> <span class='ocrx_word' id='word_1_3' title='bbox 473 100 526 150; x_wconf 85' lang='lat' dir='ltr'>Lu.</span> <span class='ocrx_word' id='word_1_4' title='bbox 533 100 572 149; x_wconf 80' lang='lat' dir='ltr'>lv</span> <span class='ocrx_word' id='word_1_5' title='bbox 572 136 578 150; x_wconf 91' lang='lat'>.</span> <span class='ocrx_word' id='word_1_6' title='bbox 587 100 647 151; x_wconf 69' lang='lat' dir='ltr'>css.</span> <span class='ocrx_word' id='word_1_7' title='bbox 653 103 759 151; x_wconf 59' lang='lat' dir='ltr'>8511.st</span> <span class='ocrx_word' id='word_1_8' title='bbox 765 110 812 147; x_wconf 72' lang='lat' dir='ltr'>sse.</span> 
     </span>
    </p>
   </div>
   <div class='ocr_carea' id='block_1_2' title="bbox 111 225 814 871">
    <p class='ocr_par' dir='ltr' id='par_1_2' title="bbox 111 225 814 610">
     <span class='ocr_line' id='line_1_2' title="bbox 150 225 813 292; baseline 0.024 -23"><span class='ocrx_word' id='word_1_9' title='bbox 150 229 295 283; x_wconf 68' lang='lat' dir='ltr'>patrarentur.</span> <span class='ocrx_word' id='word_1_10' title='bbox 332 225 393 275; x_wconf 84' lang='lat' dir='ltr'>&#39;l&#39;um</span> <span class='ocrx_word' id='word_1_11' title='bbox 407 229 495 291; x_wconf 78' lang='lat' dir='ltr'>legatos</span> <span class='ocrx_word' id='word_1_12' title='bbox 513 238 537 278; x_wconf 86' lang='lat' dir='ltr'>et</span> <span class='ocrx_word' id='word_1_13' title='bbox 552 231 611 278; x_wconf 83' lang='lat' dir='ltr'>done</span> <span class='ocrx_word' id='word_1_14' title='bbox 625 230 813 292; x_wconf 74' lang='lat' dir='ltr'>scydomemtdi</span> 
     </span>
     <span class='ocr_line' id='line_1_3' title="bbox 153 287 813 357; baseline 0.017 -25"><span class='ocrx_word' id='word_1_15' title='bbox 153 287 207 346; x_wconf 78' lang='lat' dir='ltr'>regi,</span> <span class='ocrx_word' id='word_1_16' title='bbox 230 289 261 350; x_wconf 86' lang='lat' dir='ltr'>(is</span> <span class='ocrx_word' id='word_1_17' title='bbox 279 296 333 336; x_wconf 89' lang='lat' dir='ltr'>tuoe</span> <span class='ocrx_word' id='word_1_18' title='bbox 357 292 515 355; x_wconf 79' lang='lat' dir='ltr'>Sinopensibus</span> <span class='ocrx_word' id='word_1_19' title='bbox 536 294 684 357; x_wconf 66' lang='lat' dir='ltr'>imperitabat)</span> <span class='ocrx_word' id='word_1_20' title='bbox 712 296 813 357; x_wconf 82' lang='lat' dir='ltr'>expediri</span> 
     </span>
     <span class='ocr_line' id='line_1_4' title="bbox 146 350 813 421; baseline 0.021 -27"><span class='ocrx_word' id='word_1_21' title='bbox 146 350 224 411; x_wconf 84' lang='lat' dir='ltr'>jubet:</span> <span class='ocrx_word' id='word_1_22' title='bbox 242 356 385 417; x_wconf 69' lang='lat' dir='ltr'>principiique</span> <span class='ocrx_word' id='word_1_23' title='bbox 398 358 542 420; x_wconf 79' lang='lat' dir='ltr'>nsuigsmris,</span> <span class='ocrx_word' id='word_1_24' title='bbox 557 366 583 405; x_wconf 88' lang='lat' dir='ltr'>ut</span> <span class='ocrx_word' id='word_1_25' title='bbox 599 359 707 421; x_wconf 82' lang='lat' dir='ltr'>Pythium</span> <span class='ocrx_word' id='word_1_26' title='bbox 723 359 813 421; x_wconf 65' lang='lat' dir='ltr'>spem</span> 
     </span>
     <span class='ocr_line' id='line_1_5' title="bbox 152 416 814 471; baseline 0.02 -14"><span class='ocrx_word' id='word_1_27' title='bbox 152 427 204 458; x_wconf 85' lang='lat' dir='ltr'>nem</span> <span class='ocrx_word' id='word_1_28' title='bbox 223 416 310 465; x_wconf 82' lang='lat' dir='ltr'>sdeont.</span> <span class='ocrx_word' id='word_1_29' title='bbox 348 418 397 469; x_wconf 78' lang='lat' dir='ltr'>Illis</span> <span class='ocrx_word' id='word_1_30' title='bbox 417 436 480 471; x_wconf 80' lang='lat' dir='ltr'>mere</span> <span class='ocrx_word' id='word_1_31' title='bbox 497 424 631 470; x_wconf 85' lang='lat' dir='ltr'>secundum:</span> <span class='ocrx_word' id='word_1_32' title='bbox 657 440 707 470; x_wconf 88' lang='lat' dir='ltr'>sors</span> <span class='ocrx_word' id='word_1_33' title='bbox 728 423 814 469; x_wconf 78' lang='lat' dir='ltr'>orandi</span> 
     </span>
     <span class='ocr_line' id='line_1_6' title="bbox 151 478 813 549; baseline 0.018 -27"><span class='ocrx_word' id='word_1_34' title='bbox 151 478 210 523; x_wconf 75' lang='lat' dir='ltr'>trud</span> <span class='ocrx_word' id='word_1_35' title='bbox 227 482 344 545; x_wconf 77' lang='lat' dir='ltr'>ambigue:</span> <span class='ocrx_word' id='word_1_36' title='bbox 362 485 427 540; x_wconf 80' lang='lat' dir='ltr'>irent,</span> <span class='ocrx_word' id='word_1_37' title='bbox 444 487 630 549; x_wconf 80' lang='lat' dir='ltr'><strong>simulacrumque</strong></span> <span class='ocrx_word' id='word_1_38' title='bbox 644 490 715 549; x_wconf 85' lang='lat' dir='ltr'>petris</span> <span class='ocrx_word' id='word_1_39' title='bbox 730 490 767 534; x_wconf 78' lang='lat' dir='ltr'>siri</span> <span class='ocrx_word' id='word_1_40' title='bbox 776 502 813 534; x_wconf 88' lang='lat' dir='ltr'>re·</span> 
     </span>
     <span class='ocr_line' id='line_1_7' title="bbox 111 542 524 610; baseline 0.034 -25"><span class='ocrx_word' id='word_1_41' title='bbox 111 568 116 575; x_wconf 50' lang='grc' dir='ltr'><em>ι</em></span> <span class='ocrx_word' id='word_1_42' title='bbox 154 542 268 599; x_wconf 80' lang='lat' dir='ltr'>veherent,</span> <span class='ocrx_word' id='word_1_43' title='bbox 276 548 358 594; x_wconf 85' lang='lat' dir='ltr'>sororis</span> <span class='ocrx_word' id='word_1_44' title='bbox 369 549 524 610; x_wconf 81' lang='lat' dir='ltr'><strong>relinquerent.</strong></span> 
     </span>
    </p>

    <p class='ocr_par' dir='ltr' id='par_1_3' title="bbox 149 605 814 871">
     <span class='ocr_line' id='line_1_8' title="bbox 184 605 813 677; baseline 0.022 -24"><span class='ocrx_word' id='word_1_45' title='bbox 184 605 327 658; x_wconf 85' lang='lat' dir='ltr'>LXXXIV.</span> <span class='ocrx_word' id='word_1_46' title='bbox 345 611 380 659; x_wconf 87' lang='lat' dir='ltr'>Ut</span> <span class='ocrx_word' id='word_1_47' title='bbox 395 612 493 675; x_wconf 88' lang='lat' dir='ltr'>Sinopen</span> <span class='ocrx_word' id='word_1_48' title='bbox 510 614 599 672; x_wconf 68' lang='lat' dir='ltr'>venere,</span> <span class='ocrx_word' id='word_1_49' title='bbox 615 631 813 677; x_wconf 59' lang='lat' dir='ltr'>munerum</span> 
     </span>
     <span class='ocr_line' id='line_1_9' title="bbox 152 673 814 742; baseline 0.018 -26"><span class='ocrx_word' id='word_1_50' title='bbox 152 673 256 719; x_wconf 77' lang='lat' dir='ltr'>mandate</span> <span class='ocrx_word' id='word_1_51' title='bbox 263 676 322 735; x_wconf 82' lang='lat' dir='ltr'>regis</span> <span class='ocrx_word' id='word_1_52' title='bbox 332 677 366 723; x_wconf 90' lang='lat' dir='ltr'>sui</span> <span class='ocrx_word' id='word_1_53' title='bbox 375 676 552 738; x_wconf 76' lang='lat' dir='ltr'>Scydrothemidi</span> <span class='ocrx_word' id='word_1_54' title='bbox 561 682 671 742; x_wconf 80' lang='lat' dir='ltr'>allegent:</span> <span class='ocrx_word' id='word_1_55' title='bbox 684 682 724 742; x_wconf 90' lang='lat' dir='ltr'>qui</span> <span class='ocrx_word' id='word_1_56' title='bbox 733 696 814 728; x_wconf 86' lang='lat' dir='ltr'>versus</span> 
     </span>
     <span class='ocr_line' id='line_1_10' title="bbox 149 736 812 805; baseline 0.017 -25"><span class='ocrx_word' id='word_1_57' title='bbox 149 736 225 791; x_wconf 78' lang='lat' dir='ltr'>smmi,</span> <span class='ocrx_word' id='word_1_58' title='bbox 245 740 313 786; x_wconf 88' lang='lat' dir='ltr'>modo</span> <span class='ocrx_word' id='word_1_59' title='bbox 331 755 414 788; x_wconf 87' lang='lat' dir='ltr'>numen</span> <span class='ocrx_word' id='word_1_60' title='bbox 431 758 559 805; x_wconf 70' lang='lat' dir='ltr'>pavescere,</span> <span class='ocrx_word' id='word_1_61' title='bbox 575 747 643 793; x_wconf 86' lang='lat' dir='ltr'>modo</span> <span class='ocrx_word' id='word_1_62' title='bbox 653 747 720 793; x_wconf 89' lang='lat' dir='ltr'>minis</span> <span class='ocrx_word' id='word_1_63' title='bbox 731 744 812 791; x_wconf 81' lang='lat' dir='ltr'>sdver-</span> 
     </span>
     <span class='ocr_line' id='line_1_11' title="bbox 151 802 813 871; baseline 0.021 -26"><span class='ocrx_word' id='word_1_64' title='bbox 151 802 221 848; x_wconf 84' lang='lat' dir='ltr'>santis</span> <span class='ocrx_word' id='word_1_65' title='bbox 231 804 305 864; x_wconf 90' lang='lat' dir='ltr'>populi</span> <span class='ocrx_word' id='word_1_66' title='bbox 316 806 406 853; x_wconf 80' lang='lat' dir='ltr'>terreri:</span> <span class='ocrx_word' id='word_1_67' title='bbox 425 822 486 870; x_wconf 77' lang='lat' dir='ltr'>saepe</span> <span class='ocrx_word' id='word_1_68' title='bbox 501 810 565 857; x_wconf 82' lang='lat' dir='ltr'>donis</span> <span class='ocrx_word' id='word_1_69' title='bbox 580 811 740 871; x_wconf 86' lang='lat' dir='ltr'>promissisque</span> <span class='ocrx_word' id='word_1_70' title='bbox 748 810 813 871; x_wconf 76' lang='lat' dir='ltr'>lege·</span> 
     </span>
    </p>
   </div>
   <div class='ocr_carea' id='block_1_3' title="bbox 152 866 911 934">
    <p class='ocr_par' dir='ltr' id='par_1_4' title="bbox 152 866 911 934">
     <span class='ocr_line' id='line_1_12' title="bbox 152 866 911 934; baseline 0.018 -24"><span class='ocrx_word' id='word_1_71' title='bbox 152 869 225 911; x_wconf 86' lang='lat' dir='ltr'>torum</span> <span class='ocrx_word' id='word_1_72' title='bbox 242 866 376 917; x_wconf 80' lang='lat' dir='ltr'>flectebebrr.</span> <span class='ocrx_word' id='word_1_73' title='bbox 408 870 486 934; x_wconf 80' lang='lat' dir='ltr'><strong>Atque</strong></span> <span class='ocrx_word' id='word_1_74' title='bbox 503 874 591 920; x_wconf 83' lang='lat' dir='ltr'>interim</span> <span class='ocrx_word' id='word_1_75' title='bbox 611 876 707 921; x_wconf 87' lang='lat' dir='ltr'>triennio</span> <span class='ocrx_word' id='word_1_76' title='bbox 724 882 814 928; x_wconf 75' lang='lat' dir='ltr'>exacto,</span> <span class='ocrx_word' id='word_1_77' title='bbox 907 911 911 925; x_wconf 90' lang='lat'><strong>.</strong></span> 
     </span>
    </p>
   </div>
   <div class='ocr_carea' id='block_1_4' title="bbox 152 926 813 999">
    <p class='ocr_par' dir='ltr' id='par_1_5' title="bbox 152 926 813 999">
     <span class='ocr_line' id='line_1_13' title="bbox 152 926 813 999; baseline 0.029 -25"><span class='ocrx_word' id='word_1_78' title='bbox 152 926 287 978; x_wconf 75' lang='lat' dir='ltr'>Ptolemaeus</span> <span class='ocrx_word' id='word_1_79' title='bbox 299 948 343 979; x_wconf 91' lang='lat' dir='ltr'>non</span> <span class='ocrx_word' id='word_1_80' title='bbox 354 935 458 992; x_wconf 82' lang='lat' dir='ltr'>studium,</span> <span class='ocrx_word' id='word_1_81' title='bbox 470 952 515 983; x_wconf 88' lang='lat' dir='ltr'>noo</span> <span class='ocrx_word' id='word_1_82' title='bbox 525 953 609 999; x_wconf 81' lang='lat' dir='ltr'>preces,</span> <span class='ocrx_word' id='word_1_83' title='bbox 620 940 732 985; x_wconf 84' lang='lat' dir='ltr'>omittere.</span> <span class='ocrx_word' id='word_1_84' title='bbox 750 938 813 999; x_wconf 71' lang='lat' dir='ltr'>Dig-</span> 
     </span>
    </p>
   </div>
   <div class='ocr_carea' id='block_1_5' title="bbox 150 992 910 1064">
    <p class='ocr_par' dir='ltr' id='par_1_6' title="bbox 150 992 910 1064">
     <span class='ocr_line' id='line_1_14' title="bbox 150 992 910 1064; baseline 0.026 -28"><span class='ocrx_word' id='word_1_85' title='bbox 150 992 242 1039; x_wconf 78' lang='lat' dir='ltr'>nitatem</span> <span class='ocrx_word' id='word_1_86' title='bbox 259 996 391 1056; x_wconf 78' lang='lat' dir='ltr'>logstorum,</span> <span class='ocrx_word' id='word_1_87' title='bbox 413 1015 530 1049; x_wconf 87' lang='lat' dir='ltr'>numerum</span> <span class='ocrx_word' id='word_1_88' title='bbox 545 1004 642 1058; x_wconf 81' lang='lat' dir='ltr'>navium,</span> <span class='ocrx_word' id='word_1_89' title='bbox 661 1006 709 1049; x_wconf 83' lang='lat' dir='ltr'>ouri</span> <span class='ocrx_word' id='word_1_90' title='bbox 724 1004 814 1064; x_wconf 78' lang='lat' dir='ltr'>pondus</span> <span class='ocrx_word' id='word_1_91' title='bbox 909 1049 910 1056; x_wconf 71' lang='grc'>,</span> 
     </span>
    </p>
   </div>
   <div class='ocr_carea' id='block_1_6' title="bbox 149 1058 815 1180">
    <p class='ocr_par' dir='ltr' id='par_1_7' title="bbox 149 1058 815 1180">
     <span class='ocr_line' id='line_1_15' title="bbox 149 1058 814 1128; baseline 0.032 -27"><span class='ocrx_word' id='word_1_92' title='bbox 149 1058 251 1117; x_wconf 80' lang='lat' dir='ltr'>sugebst.</span> <span class='ocrx_word' id='word_1_93' title='bbox 282 1058 342 1107; x_wconf 86' lang='lat' dir='ltr'>Tum</span> <span class='ocrx_word' id='word_1_94' title='bbox 353 1064 429 1111; x_wconf 83' lang='lat' dir='ltr'>minnx</span> <span class='ocrx_word' id='word_1_95' title='bbox 441 1065 511 1112; x_wconf 74' lang='lat' dir='ltr'>decies</span> <span class='ocrx_word' id='word_1_96' title='bbox 521 1066 699 1128; x_wconf 82' lang='lat' dir='ltr'>Scydrothemidi</span> <span class='ocrx_word' id='word_1_97' title='bbox 712 1066 814 1121; x_wconf 73' lang='lat' dir='ltr'>offertur·</span> 
     </span>
     <span class='ocr_line' id='line_1_16' title="bbox 151 1120 815 1180; baseline 0.024 -17"><span class='ocrx_word' id='word_1_98' title='bbox 151 1132 180 1165; x_wconf 83' lang='lat' dir='ltr'>ne</span> <span class='ocrx_word' id='word_1_99' title='bbox 188 1120 296 1169; x_wconf 78' lang='lat' dir='ltr'>destinate</span> <span class='ocrx_word' id='word_1_100' title='bbox 305 1126 347 1173; x_wconf 87' lang='lat' dir='ltr'>deo</span> <span class='ocrx_word' id='word_1_101' title='bbox 358 1126 415 1174; x_wconf 84' lang='lat' dir='ltr'>ultra</span> <span class='ocrx_word' id='word_1_102' title='bbox 425 1137 554 1180; x_wconf 79' lang='lat' dir='ltr'>moreretur.</span> <span class='ocrx_word' id='word_1_103' title='bbox 587 1128 738 1179; x_wconf 74' lang='lat' dir='ltr'>Cunctantem</span> <span class='ocrx_word' id='word_1_104' title='bbox 751 1130 815 1179; x_wconf 79' lang='lat' dir='ltr'>soris</span> 
     </span>
    </p>
   </div>
   <div class='ocr_carea' id='block_1_7' title="bbox 150 1184 910 1257">
    <p class='ocr_par' dir='ltr' id='par_1_8' title="bbox 150 1184 910 1257">
     <span class='ocr_line' id='line_1_17' title="bbox 150 1184 910 1257; baseline 0.032 -29"><span class='ocrx_word' id='word_1_105' title='bbox 150 1184 257 1244; x_wconf 82' lang='lat' dir='ltr'>pernicies</span> <span class='ocrx_word' id='word_1_106' title='bbox 268 1190 387 1251; x_wconf 84' lang='lat' dir='ltr'>morbique,</span> <span class='ocrx_word' id='word_1_107' title='bbox 404 1199 427 1239; x_wconf 84' lang='lat' dir='ltr'>et</span> <span class='ocrx_word' id='word_1_108' title='bbox 437 1194 553 1241; x_wconf 73' lang='lat' dir='ltr'>manifeste</span> <span class='ocrx_word' id='word_1_109' title='bbox 562 1195 688 1243; x_wconf 86' lang='lat' dir='ltr'>coelestium</span> <span class='ocrx_word' id='word_1_110' title='bbox 704 1198 745 1251; x_wconf 82' lang='lat' dir='ltr'>ira,</span> <span class='ocrx_word' id='word_1_111' title='bbox 759 1211 814 1257; x_wconf 78' lang='lat' dir='ltr'>gn·</span> <span class='ocrx_word' id='word_1_112' title='bbox 830 1220 836 1235; x_wconf 88' lang='lat'><strong>·</strong></span> <span class='ocrx_word' id='word_1_113' title='bbox 909 1199 910 1206; x_wconf 66' lang='grc'>’</span> 
     </span>
    </p>
   </div>
   <div class='ocr_carea' id='block_1_8' title="bbox 148 1247 815 1580">
    <p class='ocr_par' dir='ltr' id='par_1_9' title="bbox 148 1247 815 1580">
     <span class='ocr_line' id='line_1_18' title="bbox 149 1247 815 1323; baseline 0.024 -31"><span class='ocrx_word' id='word_1_114' title='bbox 149 1247 242 1309; x_wconf 79' lang='lat' dir='ltr'>vicique</span> <span class='ocrx_word' id='word_1_115' title='bbox 252 1252 275 1298; x_wconf 91' lang='lat' dir='ltr'>in</span> <span class='ocrx_word' id='word_1_116' title='bbox 286 1254 339 1310; x_wconf 86' lang='lat' dir='ltr'>dies,</span> <span class='ocrx_word' id='word_1_117' title='bbox 349 1254 465 1317; x_wconf 76' lang='lat' dir='ltr'>istigsbet.</span> <span class='ocrx_word' id='word_1_118' title='bbox 494 1257 611 1306; x_wconf 76' lang='lat' dir='ltr'>Advocati</span> <span class='ocrx_word' id='word_1_119' title='bbox 621 1261 736 1315; x_wconf 74' lang='lat' dir='ltr'>cendone,</span> <span class='ocrx_word' id='word_1_120' title='bbox 750 1262 815 1323; x_wconf 76' lang='lat' dir='ltr'>joses</span> 
     </span>
     <span class='ocr_line' id='line_1_19' title="bbox 151 1316 813 1385; baseline 0.023 -28"><span class='ocrx_word' id='word_1_121' title='bbox 151 1316 255 1372; x_wconf 86' lang='lat' dir='ltr'>numinis,</span> <span class='ocrx_word' id='word_1_122' title='bbox 274 1332 326 1366; x_wconf 86' lang='lat' dir='ltr'>suos</span> <span class='ocrx_word' id='word_1_123' title='bbox 344 1318 505 1381; x_wconf 75' lang='lat' dir='ltr'>Ptolomaeique</span> <span class='ocrx_word' id='word_1_124' title='bbox 522 1323 590 1378; x_wconf 70' lang='lat' dir='ltr'>usus,</span> <span class='ocrx_word' id='word_1_125' title='bbox 605 1324 734 1385; x_wconf 82' lang='lat' dir='ltr'>ingmentis</span> <span class='ocrx_word' id='word_1_126' title='bbox 754 1325 813 1371; x_wconf 77' lang='lat' dir='ltr'>mus</span> 
     </span>
     <span class='ocr_line' id='line_1_20' title="bbox 150 1381 811 1452; baseline 0.026 -29"><span class='ocrx_word' id='word_1_127' title='bbox 150 1381 248 1439; x_wconf 77' lang='lat' dir='ltr'>exponit.</span> <span class='ocrx_word' id='word_1_128' title='bbox 279 1381 369 1446; x_wconf 77' lang='lat' dir='ltr'>Vulgus</span> <span class='ocrx_word' id='word_1_129' title='bbox 378 1385 489 1433; x_wconf 73' lang='lat' dir='ltr'>adversari</span> <span class='ocrx_word' id='word_1_130' title='bbox 499 1401 583 1450; x_wconf 78' lang='lat' dir='ltr'>regem,</span> <span class='ocrx_word' id='word_1_131' title='bbox 591 1388 811 1452; x_wconf 76' lang='lat' dir='ltr'>invidereAEgypto.</span> 
     </span>
     <span class='ocr_line' id='line_1_21' title="bbox 148 1441 813 1517; baseline 0.023 -31"><span class='ocrx_word' id='word_1_132' title='bbox 148 1441 190 1488; x_wconf 91' lang='lat' dir='ltr'>sibi</span> <span class='ocrx_word' id='word_1_133' title='bbox 201 1452 306 1502; x_wconf 84' lang='lat' dir='ltr'>metuere,</span> <span class='ocrx_word' id='word_1_134' title='bbox 318 1450 468 1512; x_wconf 86' lang='lat' dir='ltr'>templumque</span> <span class='ocrx_word' id='word_1_135' title='bbox 481 1452 644 1501; x_wconf 65' lang='lat' dir='ltr'>circumsidere.</span> <span class='ocrx_word' id='word_1_136' title='bbox 671 1454 750 1517; x_wconf 69' lang='lat' dir='ltr'>quor</span> <span class='ocrx_word' id='word_1_137' title='bbox 759 1456 813 1500; x_wconf 87' lang='lat' dir='ltr'>binc</span> 
     </span>
     <span class='ocr_line' id='line_1_22' title="bbox 149 1504 812 1580; baseline 0.024 -29"><span class='ocrx_word' id='word_1_138' title='bbox 149 1504 210 1554; x_wconf 78' lang='lat' dir='ltr'>isnin</span> <span class='ocrx_word' id='word_1_139' title='bbox 229 1511 323 1569; x_wconf 83' lang='lat' dir='ltr'>tredidit,</span> <span class='ocrx_word' id='word_1_140' title='bbox 349 1515 414 1562; x_wconf 89' lang='lat' dir='ltr'>deum</span> <span class='ocrx_word' id='word_1_141' title='bbox 438 1517 511 1578; x_wconf 89' lang='lat' dir='ltr'>ipsum</span> <span class='ocrx_word' id='word_1_142' title='bbox 533 1518 636 1580; x_wconf 76' lang='lat' dir='ltr'>appulsos</span> <span class='ocrx_word' id='word_1_143' title='bbox 656 1519 716 1566; x_wconf 88' lang='lat' dir='ltr'>litori</span> <span class='ocrx_word' id='word_1_144' title='bbox 741 1533 812 1566; x_wconf 81' lang='lat' dir='ltr'>mres</span> 
     </span>
    </p>
   </div>
   <div class='ocr_carea' id='block_1_9' title="bbox 65 1579 812 1638">
    <p class='ocr_par' dir='ltr' id='par_1_10' title="bbox 65 1579 812 1638">
     <span class='ocr_line' id='line_1_23' title="bbox 65 1579 812 1638; baseline 0.024 -24"><span class='ocrx_word' id='word_1_145' title='bbox 65 1588 66 1593; x_wconf 44' lang='lat'>¹</span> <span class='ocrx_word' id='word_1_146' title='bbox 152 1581 232 1632; x_wconf 86' lang='lat' dir='ltr'>sponte</span> <span class='ocrx_word' id='word_1_147' title='bbox 249 1579 411 1626; x_wconf 81' lang='lat' dir='ltr'>conscendisse.</span> <span class='ocrx_word' id='word_1_148' title='bbox 442 1580 529 1626; x_wconf 86' lang='lat' dir='ltr'>Mirum</span> <span class='ocrx_word' id='word_1_149' title='bbox 546 1583 812 1638; x_wconf 74' lang='lat' dir='ltr'>inuenietutemodie,</span> 
     </span>
    </p>
   </div>
   <div class='ocr_carea' id='block_1_10' title="bbox 148 1641 810 1710">
    <p class='ocr_par' dir='ltr' id='par_1_11' title="bbox 148 1641 810 1710">
     <span class='ocr_line' id='line_1_24' title="bbox 148 1641 810 1710; baseline 0.02 -28"><span class='ocrx_word' id='word_1_150' title='bbox 148 1641 236 1684; x_wconf 82' lang='lat' dir='ltr'>tentum</span> <span class='ocrx_word' id='word_1_151' title='bbox 262 1643 328 1689; x_wconf 80' lang='lat' dir='ltr'>muris</span> <span class='ocrx_word' id='word_1_152' title='bbox 356 1645 447 1699; x_wconf 82' lang='lat' dir='ltr'>emensi,</span> <span class='ocrx_word' id='word_1_153' title='bbox 477 1645 636 1694; x_wconf 74' lang='lat' dir='ltr'>Alexandriam</span> <span class='ocrx_word' id='word_1_154' title='bbox 658 1648 810 1710; x_wconf 83' lang='lat' dir='ltr'>oppelluntur.</span> 
     </span>
    </p>
   </div>
   <div class='ocr_carea' id='block_1_11' title="bbox 53 1697 811 1770">
    <p class='ocr_par' dir='ltr' id='par_1_12' title="bbox 53 1697 811 1770">
     <span class='ocr_line' id='line_1_25' title="bbox 53 1697 811 1770; baseline 0.022 -26"><span class='ocrx_word' id='word_1_155' title='bbox 53 1747 56 1751; x_wconf 71' lang='grc'>,</span> <span class='ocrx_word' id='word_1_156' title='bbox 150 1697 268 1764; x_wconf 82' lang='lat' dir='ltr'>Templum</span> <span class='ocrx_word' id='word_1_157' title='bbox 301 1722 325 1752; x_wconf 89' lang='lat' dir='ltr'>ro</span> <span class='ocrx_word' id='word_1_158' title='bbox 342 1709 495 1770; x_wconf 78' lang='lat' dir='ltr'>magnitudine</span> <span class='ocrx_word' id='word_1_159' title='bbox 512 1712 572 1756; x_wconf 85' lang='lat' dir='ltr'>urbis</span> <span class='ocrx_word' id='word_1_160' title='bbox 590 1718 730 1760; x_wconf 71' lang='lat' dir='ltr'>exstrucmm</span> <span class='ocrx_word' id='word_1_161' title='bbox 751 1713 811 1767; x_wconf 82' lang='lat' dir='ltr'>loco,</span> 
     </span>
    </p>
   </div>
   <div class='ocr_carea' id='block_1_12' title="bbox 111 1765 813 1838">
    <p class='ocr_par' dir='ltr' id='par_1_13' title="bbox 111 1765 813 1838">
     <span class='ocr_line' id='line_1_26' title="bbox 111 1765 813 1838; baseline 0.023 -30"><span class='ocrx_word' id='word_1_162' title='bbox 111 1779 114 1790; x_wconf 89' lang='lat'>·</span> <span class='ocrx_word' id='word_1_163' title='bbox 146 1765 184 1809; x_wconf 87' lang='lat' dir='ltr'>cui</span> <span class='ocrx_word' id='word_1_164' title='bbox 195 1781 276 1814; x_wconf 87' lang='lat' dir='ltr'>nomen</span> <span class='ocrx_word' id='word_1_165' title='bbox 311 1772 408 1819; x_wconf 81' lang='lat' dir='ltr'>hocotis:</span> <span class='ocrx_word' id='word_1_166' title='bbox 426 1773 500 1820; x_wconf 84' lang='lat' dir='ltr'>fueret</span> <span class='ocrx_word' id='word_1_167' title='bbox 517 1775 561 1821; x_wconf 90' lang='lat' dir='ltr'>illic</span> <span class='ocrx_word' id='word_1_168' title='bbox 578 1777 691 1831; x_wconf 80' lang='lat' dir='ltr'>sacellum,</span> <span class='ocrx_word' id='word_1_169' title='bbox 709 1777 813 1838; x_wconf 84' lang='lat' dir='ltr'>Serspidl</span> 
     </span>
    </p>
   </div>
   <div class='ocr_carea' id='block_1_13' title="bbox 147 1828 910 1903">
    <p class='ocr_par' dir='ltr' id='par_1_14' title="bbox 147 1828 910 1903">
     <span class='ocr_line' id='line_1_27' title="bbox 147 1828 910 1903; baseline 0.025 -31"><span class='ocrx_word' id='word_1_170' title='bbox 147 1833 215 1887; x_wconf 84' lang='lat' dir='ltr'>sique</span> <span class='ocrx_word' id='word_1_171' title='bbox 226 1828 280 1878; x_wconf 90' lang='lat' dir='ltr'>Isidi</span> <span class='ocrx_word' id='word_1_172' title='bbox 289 1835 410 1894; x_wconf 79' lang='lat' dir='ltr'>antiquitus</span> <span class='ocrx_word' id='word_1_173' title='bbox 426 1846 543 1885; x_wconf 84' lang='lat' dir='ltr'>secretum.</span> <span class='ocrx_word' id='word_1_174' title='bbox 575 1839 774 1903; x_wconf 85' lang='lat' dir='ltr'>Haecdeorigine</span> <span class='ocrx_word' id='word_1_175' title='bbox 788 1849 812 1887; x_wconf 86' lang='lat' dir='ltr'>et</span> <span class='ocrx_word' id='word_1_176' title='bbox 909 1848 910 1853; x_wconf 75' lang='grc'>’</span> 
     </span>
    </p>
   </div>
   <div class='ocr_carea' id='block_1_14' title="bbox 145 1891 870 2480">
    <p class='ocr_par' dir='ltr' id='par_1_15' title="bbox 145 1891 870 2480">
     <span class='ocr_line' id='line_1_28' title="bbox 147 1891 811 1966; baseline 0.023 -28"><span class='ocrx_word' id='word_1_177' title='bbox 147 1891 243 1939; x_wconf 77' lang='lat' dir='ltr'>advectu</span> <span class='ocrx_word' id='word_1_178' title='bbox 264 1895 298 1942; x_wconf 88' lang='lat' dir='ltr'>dei</span> <span class='ocrx_word' id='word_1_179' title='bbox 319 1898 467 1949; x_wconf 82' lang='lat' dir='ltr'>celeberrima.</span> <span class='ocrx_word' id='word_1_180' title='bbox 499 1902 550 1950; x_wconf 87' lang='lat' dir='ltr'>Nec</span> <span class='ocrx_word' id='word_1_181' title='bbox 567 1919 618 1950; x_wconf 86' lang='lat' dir='ltr'>sum</span> <span class='ocrx_word' id='word_1_182' title='bbox 638 1906 737 1966; x_wconf 74' lang='lat' dir='ltr'>ignarus,</span> <span class='ocrx_word' id='word_1_183' title='bbox 757 1921 811 1952; x_wconf 86' lang='lat' dir='ltr'>esse</span> 
     </span>
     <span class='ocr_line' id='line_1_29' title="bbox 146 1956 870 2028; baseline 0.021 -25"><span class='ocrx_word' id='word_1_184' title='bbox 146 1956 264 2016; x_wconf 73' lang='lat' dir='ltr'>quosdam,</span> <span class='ocrx_word' id='word_1_185' title='bbox 287 1963 324 2022; x_wconf 90' lang='lat' dir='ltr'>qui</span> <span class='ocrx_word' id='word_1_186' title='bbox 346 1962 452 2021; x_wconf 75' lang='lat' dir='ltr'>Seleudd,</span> <span class='ocrx_word' id='word_1_187' title='bbox 471 1967 525 2014; x_wconf 88' lang='lat' dir='ltr'>urbe</span> <span class='ocrx_word' id='word_1_188' title='bbox 546 1968 626 2028; x_wconf 71' lang='lat' dir='ltr'>Syrie,</span> <span class='ocrx_word' id='word_1_189' title='bbox 646 1969 749 2023; x_wconf 82' lang='lat' dir='ltr'>ecciuim,</span> <span class='ocrx_word' id='word_1_190' title='bbox 772 1985 812 2016; x_wconf 84' lang='lat' dir='ltr'>re·</span> <span class='ocrx_word' id='word_1_191' title='bbox 866 1981 870 1985; x_wconf 77' lang='grc'><em>’</em></span> 
     </span>
     <span class='ocr_line' id='line_1_30' title="bbox 146 2022 811 2089; baseline 0.021 -21"><span class='ocrx_word' id='word_1_192' title='bbox 146 2029 233 2081; x_wconf 80' lang='lat' dir='ltr'>gnente</span> <span class='ocrx_word' id='word_1_193' title='bbox 241 2022 371 2082; x_wconf 76' lang='lat' dir='ltr'>Ptolemaeo,</span> <span class='ocrx_word' id='word_1_194' title='bbox 383 2045 449 2089; x_wconf 91' lang='lat' dir='ltr'>quem</span> <span class='ocrx_word' id='word_1_195' title='bbox 460 2031 526 2078; x_wconf 83' lang='lat' dir='ltr'>tertie</span> <span class='ocrx_word' id='word_1_196' title='bbox 535 2040 590 2080; x_wconf 73' lang='lat' dir='ltr'>setes</span> <span class='ocrx_word' id='word_1_197' title='bbox 600 2033 666 2080; x_wconf 78' lang='lat' dir='ltr'>tulit:</span> <span class='ocrx_word' id='word_1_198' title='bbox 685 2034 722 2080; x_wconf 82' lang='lat' dir='ltr'>olii</span> <span class='ocrx_word' id='word_1_199' title='bbox 731 2042 811 2081; x_wconf 84' lang='lat' dir='ltr'>sucto-</span> 
     </span>
     <span class='ocr_line' id='line_1_31' title="bbox 148 2090 811 2159; baseline 0.021 -28"><span class='ocrx_word' id='word_1_200' title='bbox 148 2099 195 2132; x_wconf 86' lang='lat' dir='ltr'>rem</span> <span class='ocrx_word' id='word_1_201' title='bbox 207 2090 308 2136; x_wconf 89' lang='lat' dir='ltr'>eumdem</span> <span class='ocrx_word' id='word_1_202' title='bbox 320 2091 474 2148; x_wconf 83' lang='lat' dir='ltr'>Ptolemaeum,</span> <span class='ocrx_word' id='word_1_203' title='bbox 491 2096 575 2153; x_wconf 83' lang='lat' dir='ltr'>sedern,</span> <span class='ocrx_word' id='word_1_204' title='bbox 590 2112 619 2144; x_wconf 82' lang='lat' dir='ltr'>ex</span> <span class='ocrx_word' id='word_1_205' title='bbox 629 2095 674 2159; x_wconf 73' lang='lat' dir='ltr'>qui</span> <span class='ocrx_word' id='word_1_206' title='bbox 687 2099 811 2152; x_wconf 73' lang='lat' dir='ltr'>transierit,</span> 
     </span>
     <span class='ocr_line' id='line_1_32' title="bbox 148 2147 812 2224; baseline 0.026 -29"><span class='ocrx_word' id='word_1_207' title='bbox 148 2147 273 2213; x_wconf 90' lang='lat' dir='ltr'>Memphim</span> <span class='ocrx_word' id='word_1_208' title='bbox 281 2157 401 2216; x_wconf 72' lang='lat' dir='ltr'>perhibent,</span> <span class='ocrx_word' id='word_1_209' title='bbox 410 2160 517 2219; x_wconf 80' lang='lat' dir='ltr'>inclytum</span> <span class='ocrx_word' id='word_1_210' title='bbox 525 2160 585 2215; x_wconf 88' lang='lat' dir='ltr'>olim,</span> <span class='ocrx_word' id='word_1_211' title='bbox 593 2170 616 2208; x_wconf 90' lang='lat' dir='ltr'>et</span> <span class='ocrx_word' id='word_1_212' title='bbox 623 2163 706 2220; x_wconf 80' lang='lat' dir='ltr'>veteris</span> <span class='ocrx_word' id='word_1_213' title='bbox 711 2161 812 2224; x_wconf 74' lang='lat' dir='ltr'>AEgypti</span> 
     </span>
     <span class='ocr_line' id='line_1_33' title="bbox 145 2213 812 2288; baseline 0.022 -30"><span class='ocrx_word' id='word_1_214' title='bbox 145 2213 257 2262; x_wconf 84' lang='lat' dir='ltr'>columen.</span> <span class='ocrx_word' id='word_1_215' title='bbox 296 2218 373 2266; x_wconf 90' lang='lat' dir='ltr'>Deum</span> <span class='ocrx_word' id='word_1_216' title='bbox 391 2223 464 2283; x_wconf 87' lang='lat' dir='ltr'>ipsum</span> <span class='ocrx_word' id='word_1_217' title='bbox 481 2225 545 2271; x_wconf 88' lang='lat' dir='ltr'>multi</span> <span class='ocrx_word' id='word_1_218' title='bbox 564 2225 725 2288; x_wconf 73' lang='lat' dir='ltr'>AEscirlspium</span> <span class='ocrx_word' id='word_1_219' title='bbox 748 2227 812 2286; x_wconf 91' lang='lat' dir='ltr'>quod</span> 
     </span>
     <span class='ocr_line' id='line_1_34' title="bbox 146 2277 812 2350; baseline 0.027 -30"><span class='ocrx_word' id='word_1_220' title='bbox 146 2277 260 2324; x_wconf 77' lang='lat' dir='ltr'>medeatur</span> <span class='ocrx_word' id='word_1_221' title='bbox 270 2283 336 2342; x_wconf 80' lang='lat' dir='ltr'>regiis</span> <span class='ocrx_word' id='word_1_222' title='bbox 347 2287 473 2345; x_wconf 83' lang='lat' dir='ltr'>corporibus</span> <span class='ocrx_word' id='word_1_223' title='bbox 479 2303 488 2344; x_wconf 77' lang='lat'><em>3</em></span> <span class='ocrx_word' id='word_1_224' title='bbox 504 2289 593 2348; x_wconf 81' lang='lat' dir='ltr'>quidam</span> <span class='ocrx_word' id='word_1_225' title='bbox 603 2290 686 2344; x_wconf 86' lang='lat' dir='ltr'>Osirin,</span> <span class='ocrx_word' id='word_1_226' title='bbox 698 2291 812 2350; x_wconf 82' lang='lat' dir='ltr'>antiquis·</span> 
     </span>
     <span class='ocr_line' id='line_1_35' title="bbox 148 2339 813 2414; baseline 0.032 -33"><span class='ocrx_word' id='word_1_227' title='bbox 148 2339 228 2385; x_wconf 88' lang='lat' dir='ltr'>simum</span> <span class='ocrx_word' id='word_1_228' title='bbox 246 2343 290 2388; x_wconf 88' lang='lat' dir='ltr'>illis</span> <span class='ocrx_word' id='word_1_229' title='bbox 309 2348 411 2404; x_wconf 82' lang='lat' dir='ltr'>gentibus</span> <span class='ocrx_word' id='word_1_230' title='bbox 433 2365 533 2408; x_wconf 90' lang='lat' dir='ltr'>numen;</span> <span class='ocrx_word' id='word_1_231' title='bbox 552 2354 651 2414; x_wconf 88' lang='lat' dir='ltr'>plerique</span> <span class='ocrx_word' id='word_1_232' title='bbox 672 2354 766 2411; x_wconf 86' lang='lat' dir='ltr'>Jovem,</span> <span class='ocrx_word' id='word_1_233' title='bbox 785 2364 813 2402; x_wconf 80' lang='lat' dir='ltr'>et</span> 
     </span>
     <span class='ocr_line' id='line_1_36' title="bbox 148 2407 811 2480; baseline 0.038 -36"><span class='ocrx_word' id='word_1_234' title='bbox 148 2414 221 2446; x_wconf 86' lang='lat' dir='ltr'>rerum</span> <span class='ocrx_word' id='word_1_235' title='bbox 239 2407 337 2452; x_wconf 87' lang='lat' dir='ltr'>omnium</span> <span class='ocrx_word' id='word_1_236' title='bbox 355 2417 482 2471; x_wconf 70' lang='lat' dir='ltr'>potentem</span> <span class='ocrx_word' id='word_1_237' title='bbox 500 2415 588 2476; x_wconf 87' lang='lat' dir='ltr'>plurimi</span> <span class='ocrx_word' id='word_1_238' title='bbox 610 2417 691 2464; x_wconf 77' lang='lat' dir='ltr'>Ditem</span> <span class='ocrx_word' id='word_1_239' title='bbox 712 2425 811 2480; x_wconf 66' lang='lat' dir='ltr'>patrem.</span> 
     </span>
    </p>
   </div>
   <div class='ocr_carea' id='block_1_15' title="bbox 143 2463 811 2586">
    <p class='ocr_par' dir='ltr' id='par_1_16' title="bbox 143 2463 811 2586">
     <span class='ocr_line' id='line_1_37' title="bbox 143 2463 811 2586; baseline 0.039 -80"><span class='ocrx_word' id='word_1_240' title='bbox 143 2463 275 2586; x_wconf 53' lang='lat' dir='ltr'>icqquqqitbup,</span> <span class='ocrx_word' id='word_1_241' title='bbox 293 2484 343 2528; x_wconf 85' lang='lat' dir='ltr'>quae</span> <span class='ocrx_word' id='word_1_242' title='bbox 354 2473 376 2518; x_wconf 89' lang='lat' dir='ltr'>in</span> <span class='ocrx_word' id='word_1_243' title='bbox 390 2475 438 2536; x_wconf 88' lang='lat' dir='ltr'>ipso</span> <span class='ocrx_word' id='word_1_244' title='bbox 449 2479 574 2536; x_wconf 74' lang='lat' dir='ltr'>manifeste,</span> <span class='ocrx_word' id='word_1_245' title='bbox 593 2488 632 2530; x_wconf 87' lang='lat' dir='ltr'>sut</span> <span class='ocrx_word' id='word_1_246' title='bbox 648 2497 689 2544; x_wconf 88' lang='lat' dir='ltr'>per</span> <span class='ocrx_word' id='word_1_247' title='bbox 700 2484 811 2545; x_wconf 82' lang='lat' dir='ltr'>smbsges</span> 
     </span>
     <span class='ocr_line' id='line_1_38' title="bbox 232 2543 276 2574; baseline 0.023 -1"><span class='ocrx_word' id='word_1_248' title='bbox 232 2543 259 2574; x_wconf 88' lang='lat' dir='ltr'>en</span> <span class='ocrx_word' id='word_1_249' title='bbox 270 2560 276 2574; x_wconf 93' lang='lat'>.</span> 
     </span>
    </p>
   </div>
   <div class='ocr_carea' id='block_1_16' title="bbox 177 2587 910 2674">
    <p class='ocr_par' dir='ltr' id='par_1_17' title="bbox 177 2587 910 2674">
     <span class='ocr_line' id='line_1_39' title="bbox 177 2587 910 2674; baseline 0.034 -38"><span class='ocrx_word' id='word_1_250' title='bbox 177 2587 363 2674; x_wconf 52' lang='lat' dir='ltr'>Lxxxv3m</span> <span class='ocrx_word' id='word_1_251' title='bbox 378 2597 526 2654; x_wconf 75' lang='lat' dir='ltr'>Domitianus</span> <span class='ocrx_word' id='word_1_252' title='bbox 547 2605 721 2672; x_wconf 83' lang='lat' dir='ltr'>Mucimusque,</span> <span class='ocrx_word' id='word_1_253' title='bbox 741 2617 811 2659; x_wconf 77' lang='lat' dir='ltr'>ente·</span> <span class='ocrx_word' id='word_1_254' title='bbox 909 2612 910 2631; x_wconf 71' lang='lat'>³</span> 
     </span>
    </p>
   </div>
   <div class='ocr_carea' id='block_1_17' title="bbox 0 0 922 2900">
    <p class='ocr_par' dir='ltr' id='par_1_18' title="bbox 0 0 922 2900">
     <span class='ocr_line' id='line_1_40' title="bbox 0 0 922 2900; baseline 0 2"><span class='ocrx_word' id='word_1_255' title='bbox 0 0 922 2900; x_wconf 95' lang='lat' dir='ltr'> </span> 
     </span>
    </p>
   </div>
  </div>
 </body>
</html>
