1834 2900
171 133 203 177 ιι
242 107 826 176 nrsnoamnnunan.crsasum.

170 257 248 304 novari
259 257 342 305 bellum
354 246 424 313 atrori,
441 259 543 322 lugubre,
552 259 669 305 'incertum
676 256 744 304 victis
752 255 773 303 e't
780 256 825 302 ric·

169 323 261 369 toribus.

203 386 310 434 XLVII.
326 387 380 450 Ipse
396 404 489 435 aversus
504 387 627 434 acousiliis
636 388 697 442 belli,
714 393 729 416 ‘⁴
738 383 825 439 lluuc,‘¹

169 453 248 513 inquit,
266 461 281 482 “
289 454 395 507 animum,
407 454 465 500 lran'e
476 455 582 499 virtutem
592 459 691 498 vestram
706 453 764 497 ultro
772 451 827 512 peri·

170 517 227 564 culis
245 519 345 581 objicere,
360 519 427 565 nimis
443 518 529 579 grande
539 518 594 564 vitae
603 517 827 578 meaepretiumputo.

170 583 264 640 Quanto
276 583 326 644 plus
337 583 383 644 spei
394 583 517 638 ostenditis,
535 584 553 628 si
564 583 641 628 vivere
650 583 754 643 placeret,
770 588 829 626 tanto

170 649 282 710 pulchrior
289 663 351 694 mors
359 648 407 694 erit.
441 646 536 708 Experti
548 648 642 692 invicem
655 661 738 699 sumus,
755 661 830 707 egoae

172 711 286 760 Fortunat
307 728 348 758 nec
360 720 448 773 tempus
464 713 659 773 computaveritis:
679 711 831 758 diffieitusest

170 785 295 838 temperare
310 777 417 831 felicitati,
434 774 478 836 quir
494 785 517 822 te
533 791 578 822 non
594 785 660 838 putes
676 776 715 822 (liu
732 789 828 822 usurum.

172 841 247 890 Civile
257 841 340 887 bellum‘
357 857 370 888 a
387 840 481 887 Vitellio
498 842 572 902 coepit,
590 852 619 895 et,
636 841 700 887 ut'de
711 841 833 902 principatu

170 917 306 954 certaremus
325 907 398 962 armIs,
422 907 509 952 initium
528 907 574 952 illic
590 905 646 952 fuiti
672 921 701 951 ne
719 905 833 967 plusquam

171 972 241 1018 semel
263 978 380 1024 certemus,
404 986 474 1032 penes
496 986 533 1017 me
553 971 681 1032 exemplum
700 971 756 1016 erit:
782 969 834 1016 irinc

155 1071 160 1076 -
171 1036 286 1083 Othonem
301 1037 419 1096 posteritas
430 1037 534 1083 aestimet.
566 1035 663 1082 Fruetnr
674 1034 779 1081 Vitellius
789 1035 837 1081 tia·

171 1107 212 1154 tre,
230 1101 332 1162 conjuge,
343 1101 431 1147 liberis:
450 1102 506 1147 milri
517 1115 563 1146 non
572 1101 657 1146 uitione
667 1115 739 1160 neque
751 1100 837 1146 solatiis

171 1181 228 1227 opus
247 1173 289 1211 est.
321 1165 368 1212 Alii
387 1166 471 1212 diutius
489 1167 606 1227 imperium
622 1166 748 1211 tenuerint:
768 1169 837 1212 neino

172 1237 217 1277 tam
237 1230 324 1277 sortiter
343 1231 464 1292 reliquerit.
497 1231 535 1277 An
554 1246 599 1292 ego
617 1236 703 1276 tautum
722 1229 838 1276 Romanae

170 1297 241 1358 pubis,
258 1303 293 1343 tot
303 1297 414 1372 egregios
431 1296 550 1349 exercitus,
567 1296 636 1342 sterni
653 1309 736 1348 rursus,
754 1301 778 1340 et
793 1295 840 1340 rei·

172 1362 267 1422 publicae
278 1362 332 1422 eripi
327 1360 431 1422 patiar?
449 1361 495 1408 Eat
509 1362 546 1410 hic
559 1375 647 1406 meeum
663 1361 758 1413 animus,
775 1367 837 1405 tain-

170 1441 236 1488 quam
253 1427 344 1488 perituri
360 1443 400 1488 pro
412 1441 448 1473 me
458 1425 559 1473 fueritis·
579 1425 616 1472 sed
628 1420 677 1472 este
687 1425 836 1487 superstites·

170 1506 212 1538 nee
229 1492 267 1537 diu
284 1507 404 1547 moremur,
420 1507 466 1553 ego
481 1492 657 1537 incolumitatem
672 1497 778 1545 vestram,
795 1504 842 1537 vos

169 1557 318 1603 constantiam
330 1570 410 1603 meam.
444 1556 514 1602 Plura
531 1557 559 1603 de
576 1556 683 1602 extremis
698 1556 767 1615 loquI,
783 1568 841 1618 pars

168 1622 267 1684 ignaviae
276 1630 323 1668 est:
337 1623 473 1684 praecipuum
482 1622 635 1667 destinationis
642 1634 700 1666 mere
711 1621 841 1666 documen·

169 1692 218 1733 tum
235 1686 322 1743 habete,
339 1688 399 1747 quod
410 1687 438 1732 de
449 1688 539 1732 nemine
548 1700 642 1747 queror:
655 1697 715 1731 'narn
731 1686 843 1732 incusare

168 1751 222 1798 deos
234 1752 270 1798 vel
282 1753 390 1806 homines,
407 1753 455 1813 ejus
467 1759 508 1805 est,
526 1752 562 1813 qui
573 1752 651 1797 vivere
661 1748 741 1796 velit.”

201 1814 322 1861 XLVIII.
339 1816 405 1863 Talia
421 1817 517 1870 loeutus,
534 1823 560 1862 ut
575 1816 655 1875 cuique
666 1822 721 1861 retas
732 1821 773 1861 aut
783 1814 841 1877 ‹lig-

138 1880 141 1887 “
168 1882 239 1936 nitas,¹
252 1882 346 1926 comiter
362 1881 491 1957 appellatos,
508 1884 566 1927 irent
581 1894 682 1957 propere,
698 1894 743 1925 neu
762 1893 844 1927 renta-

167 1946 264 1991 nendo'
259 1958 313 1991 uam
332 1946 424 1992 victoris
435 1953 571 2007 asperarent,
584 1946 681 2007 juvenes
692 1944 842 2000 auctoritate,

167 2026 233 2057 senes
243 2010 470 2072 precibusmovebat.
484 2010 583 2073 placidus
594 2024 639 2064 ore,
647 2010 773 2085 iptrepirlus
784 2024 844 2055 ver·

165 2077 205 2131 bis,
222 2076 616 2137 intempestivassuorumlacrytnas
630 2074 743 2121 coiroens.
777 2073 845 2125 Dari

165 2156 235 2187 naves
253 2156 279 2188 ac
295 2142 397 2189 vehicula
412 2140 543 2188 abeuntibus
550 2141 628 2202 jubet:
646 2138 733 2185 libellos
750 2140 845 2201 episto·

165 2206 248 2266 lasque,
267 2207 341 2253 studio
358 2222 412 2268 erga
429 2220 454 2251 re
471 2206 550 2251 autin
564 2203 681 2250 Vitellium
691 2204 847 2250 contumeliis

164 2271 273 2333 insigues,
291 2271 376 2318 abolet:
396 2271 501 2331 pecunias
520 2270 637 2322 distribuit,
653 2284 726 2330 parce,
744 2284 791 2315 nec
816 2276 847 2315 ut

164 2336 283 2397 periturus.
316 2334 376 2380 Mox
388 2334 488 2381 Salvium
501 2333 660 2388 Cocceianum,
669 2333 744 2379 fratris
754 2333 845 2387 lilium,

164 2396 345 2461 primajuventi,
363 2399 473 2459 trepidum
484 2405 508 2444 et
518 2412 658 2453 moerentem,
676 2398 736 2443 ultro
750 2399 847 2444 solatus

163 2471 206 2516 est,
223 2463 334 2509 laudando
344 2463 449 2523 pietatem
461 2464 516 2524 ejus,
532 2463 663 2539 castigando
672 2461 843 2509 formidinem:

133 2576 137 2589 ·
163 2540 192 2572 an
212 2525 328 2570 Vitellium
348 2534 394 2571 tam
414 2528 507 2572 immitis
526 2527 593 2572 animi
612 2526 668 2581 iore,
685 2533 717 2580 nt,
726 2542 778 2602 'pro
802 2528 847 2572 in·

163 2589 246 2636 columi
258 2586 305 2635 tota
316 2590 398 2643 domo,
408 2606 437 2637 ne
448 2592 506 2637 hane
516 2591 605 2651 quidem
616 2591 657 2636 sibi
673 2591 771 2667 gratiam
784 2590 846 2637 retl-

160 2652 240 2700 deret?
257 2654 338 2701 mereri
349 2670 374 2701 se
384 2653 490 2703 festinato
501 2655 564 2703 exitu
574 2655 716 2703 clementiam
730 2656 847 2706 vietum.
