1834 2900
79 149 174 194 nomo.
198 140 444 194 msronmnum
459 142 671 196 trallenses.
720 151 753 198 65

84 272 223 330 cohortibus,
240 281 263 322 et
282 274 412 340 quingentis
432 273 549 336 equitibus.
582 277 654 339 Super
675 279 717 326 bos
738 296 752 326 e

83 343 194 406 pretorio
206 342 336 402 auxiliisque
347 342 407 387 mille
418 342 510 402 eqrrites,
521 343 623 388 cumulus
633 345 752 406 prosperis

86 415 127 455 aut
139 407 262 453 subsidium
272 407 426 461 laborantibus,
443 405 587 453 ducebantur.

121 469 208 517 XXV.
224 471 351 532 Antequam
370 473 518 518 miscerentur
535 471 600 524 acies,
617 480 681 533 terga
694 489 752 533 ¹ver·

86 537 189 583 tentibus
211 534 343 590 Vitellianis,
360 533 447 590 (tersus,
465 536 510 581 doli
528 537 632 598 prudens,
649 539 754 599 repressit

87 597 150 648 suoi.
182 599 296 646 Vitelliani
307 608 391 647 temere
401 607 555 662 exsurgentes,
566 602 661 646 cedente
671 603 753 648 senaim

89 665 167 718 Celso,
179 665 269 726 longius
278 666 354 718 secuti,
366 665 426 711 ultro
437 666 460 710 in
471 665 562 710 insidias
569 666 751 726 praecipitanturr

86 743 141 777 nam
150 745 164 776 a
172 731 276 778 lateribus
287 731 398 787 cohortes,
409 727 524 792 legionum
535 728 630 793 adversi
639 729 720 785 fronte,
731 739 756 776 et

88 796 163 842 subito
186 795 287 841 discursu
308 801 372 856 terga
394 795 511 840 cinxerant
532 795 624 855 equites.
658 794 755 856 Signum

87 873 175 922 pugnes
186 873 233 905 non
245 861 318 905 atatim
329 873 343 905 a
355 859 464 906 Suetonio
473 857 569 905 Paulino
579 859 649 922 pediti
659 861 751 906 datunr'r

88 931 209 972 cunctator
224 922 310 978 arturit
326 931 349 970 et
365 924 401 970 eui
419 931 484 970 cauta
502 925 576 985 potius
594 925 687 972 consilia
702 939 754 971 cum

89 983 185 1043 ratione,
202 1003 268 1049 quam
282 1001 387 1050 prospera
397 1003 426 1035 ex
437 1001 504 1043 casm⁴
513 988 632 1050 placerent
649 990 756 1050 compleri

88 1054 171 1106 fossas,
188 1054 267 1114 aperiri
285 1068 394 1115 campum,
410 1054 478 1115 pandi
494 1055 564 1099 aciem
576 1055 684 1115 Jubebat3
701 1056 757 1102 satis

90 1119 138 1166 cito
154 1117 221 1179 incipi
238 1119 361 1172 victoriam,
378 1119 415 1164 ubi
430 1119 545 1180 provisum
555 1117 621 1174 soret,
638 1135 667 1166 ne
677 1120 756 1167 vince·

91 1183 178 1230 rentur.
210 1181 248 1230 Es
264 1184 406 1229 cunctatione
423 1183 519 1244 spatium
533 1182 661 1230 Vitellianis
671 1185 755 1239 dutum,

91 1249 116 1295 in
135 1247 219 1302 vinens,
236 1262 296 1294 nexu
308 1247 423 1294 traducum
434 1248 557 1308 impeditas,
573 1247 712 1309 refugiendi:
733 1256 757 1294 et

92 1313 182 1359 modica
192 1313 249 1359 silva
259 1311 400 1369 udbaerebut3
418 1313 477 1359 unde
487 1327 563 1358 rursus
573 1313 620 1358 ausi
632 1314 757 1373 promtissi-

92 1387 145 1424 mos
168 1377 336 1424 raetorianorum
347 1374 596 1438 equituminterferere.
620 1376 758 1424 Vulneratur

92 1455 136 1489 rex
151 1393 288 1503 Epiphanes,
304 1442 399 1504 impigre
408 1458 449 1504 pro
461 1441 553 1489 Othone
562 1456 661 1505 pugnarn
673 1443 741 1489 ciens.

123 1505 226 1567 ¹XXVI.
241 1505 301 1553 Tum
320 1506 462 1554 Othonianus
476 1508 544 1569 pedes
561 1509 645 1569 empit:
665 1507 760 1569 protriti

93 1572 195 1619 bostium
211 1572 264 1623 acie.
281 1573 340 1618 verri
358 1573 382 1618 in
399 1572 484 1634 fugam,
502 1574 567 1617 etiam
585 1573 623 1632 qui
640 1573 758 1619 subvenie-

93 1638 164 1685 bant:
182 1650 235 1682 nam
248 1632 339 1684 Caecina
350 1650 395 1683 non
407 1637 473 1683 simul
483 1638 593 1690 cobortes,
610 1638 649 1683 sed
660 1638 760 1697 singulas

94 1703 223 1758 acciverat3
240 1714 291 1763 quae
311 1716 346 1747 res
364 1702 388 1747 in
406 1701 486 1763 proelio
505 1701 672 1761 trepidationem
690 1702 759 1757 auxit,

95 1782 148 1815 cum
157 1767 275 1827 dispersos,
286 1778 328 1813 nec
340 1780 432 1827 usquam
441 1766 534 1819 validos,
545 1780 614 1828 pavor
623 1766 759 1828 fugientium

95 1831 212 1892 abriperet
245 1830 302 1878 otu
312 1838 335 1877 et
345 1832 369 1877 in
380 1832 459 1877 castris
469 1831 555 1886 seditio,
572 1832 631 1891 quod
647 1847 694 1880 nou
708 1832 760 1878 uni·

95 1896 159 1953 versi
168 1896 314 1944 ducerentur:
332 1896 423 1943 rinctus
440 1895 559 1958 praefectus
568 1904 699 1951 castrorum,
715 1895 759 1944 Ju-

94 1961 140 2009 lius
159 1960 250 2016 Gratus,
274 1968 387 2021 tamquam
405 1960 476 2014 fratri,
493 1961 550 2022 apud
569 1960 682 2007 Οτὴοηειιι
701 1961 761 2007 mlli-

94 2026 160 2079 tand,
176 2026 325 2087 proditionem
334 2033 410 2089 ageret
416 2042 425 2083 ς
442 2039 494 2072 curn
504 2024 663 2086 fratremque,
674 2023 760 2072 Julium

95 2090 244 2145 Frontonem,
261 2092 381 2147 tribunum,
393 2090 517 2139 Ostentum
525 2090 569 2135 urb
579 2091 656 2135 eodem
668 2090 762 2135 crimine

94 2155 230 2203 vinxissent
263 2154 379 2203 Caeterum
395 2170 422 2202 ea
440 2154 522 2216 ubique
537 2153 634 2200 formido
650 2153 694 2201 fuit
704 2155 762 2217 apud

94 2220 217 2285 fugientes,
234 2228 383 2275 occursantes,
399 2222 424 2267 in
441 2221 495 2274 acie,
511 2234 552 2281 pro
569 2218 635 2274 vallo,
652 2227 678 2265 ut
694 2219 763 2266 deleri

94 2300 147 2333 curn
159 2285 265 2332 universo
275 2286 376 2333 exercitu
388 2280 505 2333 cecinam
518 2286 624 2347 potuisse,
641 2285 664 2330 ni
681 2284 762 2331 Sueto-

96 2351 148 2397 nius
160 2349 270 2397 Paulinus
280 2350 378 2413 reeeptui
388 2351 514 2406 cecinisset,
523 2350 623 2409 utrisque
633 2351 656 2395 in
664 2350 763 2411 parribus

94 2416 253 2479 percrebuerit·
284 2414 399 2463 Timuisse
410 2430 441 2469 se,
459 2413 568 2461 Paulinus
574 2414 664 2467 serebat,
676 2422 764 2460 tanturn

94 2480 188 2541 insuper
195 2480 311 2527 laborique
321 2481 413 2533 itineris,
423 2492 452 2525 ne
460 2478 596 2525 Vitellianus
603 2478 675 2531 miles,
686 2490 766 2521 resena

96 2560 110 2591 e
129 2546 216 2598 castris,
235 2544 309 2593 fessos
325 2544 534 2608 aggrederetur‚et
552 2542 660 2602 percallsls
678 2540 765 2609 nullum

96 2614 158 2657 retro
176 2610 298 2657 subsidium
314 2608 381 2657 foret.
414 2608 484 2670 Apud
500 2618 584 2667 peuces
600 2616 628 2648 ea
638 2604 701 2648 ducis
710 2606 770 2643 runo

95 2676 198 2737 probate,
215 2676 239 2723 ln
249 2675 333 2737 uulgus
344 2675 440 2739 amase
450 2679 543 2777 mmor}
550 2668 601 2776 spis.
