1834 2900
97 121 119 161 J.
128 120 193 167 ατο.
211 116 461 169 HISTORIARUM
470 118 579 168 Laut
585 118 697 170 Canidi
716 123 762 168 117

94 250 201 311 rogabat:
222 249 274 296 illos
291 265 341 297 esse
351 265 447 312 campos,
466 250 490 297 in
501 252 580 311 quibus
591 252 679 299 abolere
687 251 761 299 labem

94 316 174 375 prioris
191 314 330 375 ignominia,
345 316 382 361 ubi
400 331 531 377 recuperare
548 316 643 377 gloriam
660 323 763 379 possent·⁴

93 379 156 425 Tum
174 379 203 425 ad
214 378 324 425 Moesicos
341 395 471 434 conversus,
488 381 597 442 principes
615 390 761 442 auctoresque

93 444 147 491 belli
159 444 243 489 ciebat:
257 442 339 490 frustra
350 445 416 491 minis
426 452 450 491 et
457 447 531 491 verbis
541 456 673 507 provocatos
684 446 762 493 wael·-

93 509 175 562 lianos,
196 509 215 554 si
234 523 311 555 manns
330 524 407 555 eorum
428 510 549 569 oculosque
568 525 614 555 non
632 512 760 557 tolerarent.

95 572 165 627 Haec,
178 580 202 619 ut
212 588 312 634 quosque
323 582 459 621 accesserat:
480 576 544 636 plura
555 576 583 620 ad
594 576 707 629 tertianas,
719 590 761 620 ve·
776 564 781 577 ⁴

93 646 168 685 terum
185 639 353 698 recentiumque
370 638 508 685 admonens:
527 645 552 685 ut
563 640 603 685 sub
614 639 650 685 M.
658 640 760 685 Antonio

94 702 197 756 Parthos,
216 704 257 749 sub
277 701 406 750 Corbulone
418 704 546 757 Armenios,
564 719 635 764 nuper
646 704 760 749 Sarmatas

91 768 246 830 pepulissent,
268 766 329 813 Mox
347 767 456 817 infensius
474 770 626 829 praetorianis:
653 772 668 796 “
683 766 758 821 Vos,’'

90 834 171 893 inquit,
190 832 256 877 “nisi
275 832 371 887 vincitis,
388 833 476 894 pagani,
493 834 543 894 quis
559 834 616 879 alius
631 834 758 894 imperator.

90 913 143 957 quae
154 905 227 943 eastra
238 896 281 943 alia
291 897 420 958 excipient?
454 896 505 944 Illic
516 900 581 959 signa
592 913 697 958 armaque
704 913 757 944 ves-

90 970 126 1009 tra
143 970 209 1017 sunt,¹
221 968 244 1007 et
260 977 320 1009 mors
336 963 414 1010 vietis:
430 978 482 1009 nam
492 962 639 1024 ignominiam
650 978 758 1010 eonsum-

6 1054 11 1063 ·
91 1025 177 1073 sistis‚”
213 1025 319 1087 Undique
330 1027 426 1075 elamor:
446 1036 470 1073 et
480 1028 587 1075 orientem
599 1028 668 1076 solem
682 1029 725 1092 (ita
735 1028 759 1075 in

94 1089 162 1153 Syriis
169 1106 221 1138 mos
232 1090 277 1151 est)
290 1092 379 1138 tertiani
391 1091 522 1139 salutavere.

128 1154 210 1201 XXV.
225 1154 304 1218 Vagus
314 1156 374 1211 inde,
386 1172 414 1203 an
429 1158 522 1204 consilio
532 1159 595 1205 ducis
608 1159 709 1205 subditus
719 1174 759 1206 ru·

92 1237 149 1275 mor,
165 1221 281 1267 advenisse
296 1221 446 1279 Mucianum
464 1224 575 1269 exercitus
586 1224 683 1269 invicem
697 1224 758 1272 salu·

92 1285 159 1333 tasse.
193 1286 295 1333 Gradum
317 1286 422 1339 inserunt,
445 1288 508 1347 quasi
526 1288 652 1334 recentibus
670 1288 758 1334 auxiliis

91 1352 166 1407 aucti;
184 1352 267 1397 rariore
272 1352 321 1414 jam
333 1350 505 1398 Vitellianorum
515 1352 571 1405 acie,
583 1358 608 1397 ut
618 1367 683 1413 quos,
695 1352 757 1399 nullo

91 1425 186 1470 rectore.
197 1431 251 1462 suus
262 1429 373 1478 quemque
384 1417 480 1480 impetus
490 1417 527 1464 vel
537 1431 607 1479 pavor
617 1417 758 1464 contraheret

92 1483 243 1528 diduceretve.
277 1479 398 1542 Postquam
419 1482 527 1544 impulsos
546 1483 616 1529 sensit
635 1482 758 1539 Antonius,

92 1547 164 1593 denso
181 1545 272 1606 agmine
282 1547 423 1592 obturbabat:
442 1547 511 1594 hasti
522 1547 610 1594 ordines
621 1548 758 1609 abrumpun-

91 1620 143 1658 tur:
159 1625 201 1656 nee
209 1609 294 1656 restitui
304 1609 401 1671 quivere,
413 1612 582 1674 impedientibus
590 1611 698 1658 vehiculis
709 1620 757 1658 tor-

90 1675 225 1736 mentisque.
248 1673 293 1722 Per
302 1675 395 1722 limitem
408 1677 452 1724 viae
460 1684 602 1739 sparguntur,
614 1677 757 1722 consectandi

89 1741 240 1794 festinatione,
252 1741 355 1788 victores.
388 1739 426 1788 Eo
437 1742 555 1788 notabilior
562 1741 636 1787 caedes
643 1739 693 1795 suit,
704 1741 757 1800 quia

89 1806 150 1852 tilius
160 1813 245 1868 patrem
254 1805 378 1852 interiecit:
392 1821 440 1852 rem
448 1807 590 1868 nominaque,
598 1812 689 1853 auctore
697 1804 756 1869 Vip-

92 1878 158 1918 stano
175 1868 281 1927 Messala,
294 1871 386 1917 tradam·
417 1870 493 1920 Julius
504 1871 646 1926 Mansuetus,
657 1886 686 1919 ex
698 1869 757 1918 His-

89 1931 163 1998 pauit,
181 1933 266 1996 Rapaci
281 1935 367 1997 legioni
380 1935 475 1994 additus,
486 1937 598 1998 impubem
614 1937 684 1982 lilium
695 1936 757 1982 dorni

89 2001 198 2062 liquerat:
217 1999 237 2046 is
254 2013 307 2046 mox
324 2000 419 2055 adultus,
437 2001 496 2048 iuter
506 2003 642 2063 septimanos
657 2017 672 2046 a
683 1999 756 2046 Galbd

89 2065 236 2126 conscriptus,
248 2064 347 2111 oblatum
358 2063 416 2111 forte
424 2074 509 2127 patrem
521 2073 545 2112 et
552 2065 645 2112 vulnere
653 2071 756 2121 stratum,

89 2131 143 2178 dum
155 2129 309 2176 semianimem
321 2138 438 2186 serutatur,
451 2131 541 2192 agnitus
548 2143 725 2192 agnoscensque,
733 2137 759 2176 et

89 2208 229 2256 exsanguem
243 2195 367 2256 amplexus,
383 2210 440 2242 voce
458 2195 525 2241 flebili
542 2195 673 2256 precabatur
682 2195 756 2255 piatos

88 2260 159 2323 patris
175 2273 261 2314 manes,
277 2273 335 2305 neve
353 2274 377 2305 se
394 2267 418 2305 ut
433 2259 566 2321 parricidam
583 2268 753 2306 aversarentur:

87 2324 202 2386 publicum
213 2323 236 2368 id
245 2321 347 2379 iaoinus3
364 2331 387 2369 et
404 2339 473 2370 unum
490 2324 585 2372 militem
595 2331 687 2385 quotam
699 2323 756 2374 civi·

86 2389 143 2436 lium
151 2402 263 2434 armorum
272 2386 376 2448 partem?
388 2389 453 2434 simul
462 2388 565 2435 attollere
572 2404 659 2450 eorpus,
669 2389 758 2450 aperire.

86 2455 189 2506 humum,
199 2467 310 2515 supremo
327 2467 382 2514 erga
392 2462 507 2514 parentem
518 2453 592 2500 officio
601 2453 674 2514 iungi.
684 2489 688 2496 .
705 2452 756 2498 Aa,

87 2515 178 2566 vertere
199 2517 301 2580 proximi,
323 2516 403 2564 deinde
421 2518 510 2578 plures:
535 2517 588 2562 bine
605 2531 645 2578 per
664 2528 756 2560 ornnem

83 2584 158 2630 aciem
174 2582 306 2628 miraculum
317 2589 340 2628 et
351 2589 449 2642 questus,
456 2588 486 2628 ,et
496 2581 614 2627 saevisnmi
624 2579 677 2625 beili
689 2591 755 2622 exse·

82 2648 170 2702 erau'o:
192 2661 234 2694 uec
244 2661 278 2696 eo
300 2647 393 2710 segnius
409 2646 554 2708 propinquos,
565 2643 655 2697 ‚affines
672 2640 756 2686 fratres.
