1834 2900
156 141 187 189 as
231 132 821 188 maronianuumsn.cassan-css.

161 269 263 378 qpamris
277 267 388 316 uberrimi
398 269 551 317 conviciorum
562 271 585 316 ln
597 269 714 318 Vitellium
726 269 825 325 materia,

160 347 173 378 a
188 334 303 380 atinerent.

196 391 295 444 XXXI.
307 398 365 445 Sane
376 406 429 445 ante
436 398 550 459 utriusque
558 400 650 455 exitum,
659 415 704 460 quo
712 401 826 463 egregims

164 459 226 509 Otho
246 463 336 517 famam,
362 463 467 510 Vitellius
488 463 692 525 flagitiosissimam,
716 464 825 519 meruisse,

163 527 239 575 minus
249 527 336 575 Vitellii
346 529 435 590 ignavae
448 529 582 589 voluptates,
598 541 663 590 quam
675 530 775 577 Othonis
785 529 826 576 fla·

164 591 314 654 grantlssimae
331 593 438 646 libidines,
462 594 604 640 timebantur.
635 595 759 640 Addiderat
777 595 828 640 huie

164 663 272 705 terrorem
289 665 355 719 atque
370 658 444 704 odium
456 659 529 704 caedes
540 659 636 716 Galbae3
652 659 773 705 contrailli
785 660 827 705 lnl·

165 725 222 769 tium
232 723 284 770 belli
295 737 361 769 nemo
372 723 501 782 imputabat.
532 721 639 770 Vitellius
649 731 728 770 reone
739 733 763 770 et
773 721 828 786 gut

166 787 206 834 sibi
228 789 275 850 ipse
297 787 380 843 bostis3
399 787 460 834 Otho
481 787 542 843 luxu,
559 786 652 843 saevitiis,
669 788 769 843 audaciai,
786 789 829 834 rei-

196 854 260 900 blicae
270 853 384 898 exitiosior
391 849 517 899 ducebatur.
550 850 684 915 conjunctis
695 852 798 901 Caecinae
806 867 831 899 ac

193 917 272 964 alantis
289 917 364 978 copiis,
381 916 442 962 nulla
457 917 515 963 ultra
530 930 600 978 penes
614 917 750 964 Wtelliaoos
761 933 830 972 mora,

168 983 221 1042 qula
232 981 286 1027 totis
296 981 380 1028 viribus
390 987 508 1029 certarent.
540 979 602 1028 Otho
613 983 757 1040 consultavit,
775 984 832 1028 trabi

166 1045 257 1099 bellum,
274 1057 302 1091 an
320 1045 432 1092 fortunam
450 1046 545 1108 experiri
560 1047 664 1108 placeret.
696 1045 758 1093 Tum
774 1047 832 1094 Sue·

168 1112 244 1158 taulus
255 1107 369 1164 Paulinus,
386 1111 479 1171 dignum
496 1109 557 1157 famb
572 1111 692 1164 subrutus,
709 1111 755 1172 qud
766 1125 833 1158 nemo

169 1173 207 1240 tut
226 1181 357 1237 tempestate
374 1173 476 1222 militaris
495 1177 528 1223 rei
542 1175 642 1222 callidior
657 1177 787 1232 habebatur,
805 1177 833 1224 dc

170 1249 219 1288 toto
238 1253 322 1302 genere
342 1238 393 1286 belli
415 1255 513 1295 censere,
536 1239 702 1288 festinationem
724 1241 833 1296 hostibus,

169 1318 255 1353 moram
266 1305 320 1366 ipsis
331 1305 407 1351 utilem
419 1305 535 1352 disseruit:

203 1364 316 1416 XXXII.
326 1367 458 1416 Exercitum
467 1369 554 1417 Vitellii
561 1371 689 1417 universum
700 1371 834 1427 advenisse3

170 1445 214 1484 nec
231 1434 326 1481 multum
344 1434 424 1481 virium
445 1451 458 1481 s
476 1442 550 1498 tergo,
571 1436 677 1497 quoniam
695 1434 780 1483 Galliae
796 1442 833 1482 tu·

172 1506 254 1554 meant,
271 1506 293 1545 et
310 1500 411 1545 deserere
422 1500 498 1546 Rheni
509 1502 585 1563 ripam,
602 1501 719 1562 irrupturis
737 1508 783 1547 tam
798 1502 834 1547 in·

171 1564 235 1613 sestis
246 1564 377 1618 nationibus,
397 1576 442 1611 non
458 1565 581 1611 conducat:
601 1563 757 1611 Britannicum
775 1566 835 1611 mili·

169 1634 218 1678 'tem
232 1630 297 1675 hoste
313 1636 336 1675 et
353 1630 408 1675 mari
423 1630 535 1677 distineri:
562 1627 691 1691 Hispanias
701 1631 770 1676 armis
787 1642 835 1675 non

173 1698 204 1743 ita
230 1694 365 1741 redundares
389 1695 527 1755 provinciam
550 1694 720 1741 Narbonensem
742 1696 837 1741 incursu

172 1760 248 1809 classis
265 1766 288 1805 et
298 1760 390 1805 adverso
398 1759 478 1821 proelio
487 1760 661 1806 eonnemuisse:
680 1759 778 1805 clausam
790 1758 835 1805 Al-

171 1823 242 1887 pibus,
260 1830 283 1869 et
300 1823 361 1869 nullo
378 1824 445 1870 maris
465 1824 568 1878 subsidIo,
584 1822 767 1885 Transpadamm
786 1822 836 1871 Ita·

172 1890 233 1943 liam,
250 1890 317 1947 atque
326 1887 374 1949 ipso
385 1890 479 1949 transitu
491 1888 602 1936 exercitlls
612 1895 713 1935 vastam:
732 1902 779 1934 non
787 1887 837 1935 fru-

172 1952 273 2003 mentum
289 1965 380 2013 usquam
392 1954 506 2007 exercitul,
523 1967 565 2000 nec
575 1954 697 2001 exmeitum
709 1954 758 2000 sina
766 1954 838 2014 copiis

173 2018 265 2068 'retineri
273 2030 346 2079 posse.
377 2017 430 2067 Jam
440 2018 573 2073 Germanos,
585 2018 644 2079 quod
654 2032 727 2080 genus
736 2018 837 2065 militum

173 2085 232 2148 apud
242 2084 318 2130 hostes
329 2084 491 2131 atrocissimum
503 2083 538 2139 sit,
546 2088 618 2131 tracto
628 2083 651 2130 in
661 2088 761 2130 aestatam
770 2083 839 2139 bello,

173 2150 241 2198 iluxis
257 2148 391 2210 corporibus,
407 2149 552 2195 mutationem
569 2146 722 2209 soli'coellque
732 2147 792 2193 baud
803 2155 838 2194 to·
909 2171 910 2178 κ

173 2210 290 2263 leraturos.
322 2212 398 2259 Multa
414 2210 479 2266 bella,
495 2213 580 2275 impetu
590 2212 669 2268 valida,
686 2225 726 2274 per
736 2213 804 2259 taedn
816 2214 840 2259 et

126 2304 129 2313 =
174 2292 250 2327 moras
269 2278 391 2323 evanuisse.
425 2275 513 2325 Contra
530 2278 584 2339 ipsis
600 2276 676 2324 omnia
694 2278 802 2339 opulenta
817 2280 845 2340 et
909 2303 910 2326 r

152 2362 154 2367 ·
173 2338 231 2391 lida:
251 2340 398 2394 Pannoniam,
415 2340 530 2395 Moesiam,
547 2340 692 2395 Dabnstiam,
711 2341 838 2397 Orientem,

175 2419 227 2453 cum
245 2405 340 2465 Integris
358 2404 658 2461 exercitibus31taliarn,et
677 2412 743 2468 caput
762 2420 839 2453 rerum

174 2468 275 2517 Urbem:
295 2473 440 2529 senatumque
449 2476 474 2515 et
483 2471 599 2531 populum,
615 2484 729 2531 nunquam
744 2471 841 2518 obscura

174 2534 271 2586 nomina,
289 2533 331 2579 etsi
347 2532 465 2593 aliquando
481 2534 657 2591 obumbrentu13
674 2534 774 2595 publicas
790 2537 838 2597 pri·

173 2604 280 2657 ratasque
291 2610 353 2659 opes,
370 2598 535 2657 etximmensam
545 2598 670 2659 pecuniam,
687 2600 747 2646 inter
760 2599 841 2647 civiles

175 2660 295 2709 discordias
305 2660 364 2709 ferro
375 2662 505 2711 validiorem
511 2673 520 2720 ς
535 2675 631 2724 corpora
639 2662 736 2711 militum
745 2671 786 2711 aut
795 2662 845 2712 Ita·
