1834 2900
102 107 201 153 ceso.
218 98 690 161 ‘ursrosrssuu=nnn.crs.srz
734 88 775 157 si

108 250 159 283 eum
169 236 257 283 turbam
267 236 343 299 populi
354 252 394 299 per
404 236 515 283 inscitiam
525 250 605 298 parum
615 237 776 297 vitarentaut,

108 301 145 347 ubi
162 301 249 347 lubrico
266 302 310 349 viae
320 302 357 347 vel
368 316 464 348 occursu
473 301 567 363 slicujus
576 303 730 363 procidissent,
747 304 776 351 ad

109 366 216 427 jurgium,
234 380 288 412 mox
298 366 326 413 ad
336 380 418 413 mauus
427 374 451 413 et
459 365 545 413 ferrum
556 367 683 414 mussitent.
711 368 775 423 QuIn

108 437 133 477 et
143 430 226 476 tribuni
237 430 384 492 praesectique
393 446 444 479 cum
456 437 546 478 terrore,
555 438 579 477 et
588 441 723 479 amatorum
735 450 773 480 cu-
818 458 825 475 .

109 495 180 541 tersis
192 494 319 544 volitabant.
422 522 425 526 ·

144 558 292 607 LXXXIX.
308 559 361 622 Ipse
371 560 507 616 Vitellium
516 566 586 622 ponte
596 559 686 616 Mili-io,
693 562 778 624 insigni

99 639 175 685 vequo,
191 625 309 685 paludatus
328 626 492 686 accinctusque,
508 631 610 671 senatum
630 633 653 671 et
669 626 775 687 populum

98 696 163 736 -snte
174 704 199 736 se
208 705 286 751 agens,
302 706 348 751 quo
359 691 439 745 minus,
458 697 483 736 ut
493 696 587 750 ceptam,
601 688 686 735 Urbem
698 691 775 753 ingre·

109 755 206 809 deretur,
223 755 346 801 amicorum
368 755 465 802 consilio
482 754 606 809 deterritus,
623 752 698 801 sumti
717 770 776 817 prae-

110 817 216 867 trictici
233 820 358 882 composito
377 820 475 881 agmine,
491 819 589 867 incessit.
623 818 727 873 Quatuor
743 820 778 867 le·

110 886 205 947 gionuur
223 884 304 943 squilae
320 899 361 945 per
376 883 481 938 frontem,
498 884 634 944 totidemque
651 884 778 931 circeste-

98 950 217 1011 .gionibus
225 950 274 995 aliis
284 949 371 1004 vexilla,
381 964 435 995 mox
446 947 499 995 XII
509 948 594 1002 uturum
602 949 673 1011 signs,
684 956 715 1005 et,
725 959 778 1012 post

109 1015 212 1077 peditum
223 1014 319 1067 ordines,
336 1029 417 1076 eques=
436 1014 488 1060 dein
504 1021 605 1073 quatuor,
613 1021 638 1060 et
648 1014 725 1062 XXX
736 1031 776 1062 co·

110 1081 197 1132 hostes,
216 1080 357 1127 nonomine
378 1079 488 1141 gentium,
504 1085 544 1125 ant
561 1080 645 1141 species
664 1094 778 1127 armornm

110 1143 195 1198 forent,
212 1143 321 1191 ditcretae.
353 1144 416 1191 Ante
432 1143 528 1203 aquilam
544 1144 645 1205 praefecti
655 1152 779 1193 castrorum

111 1208 240 1269 tribunique
248 1217 271 1255 et
281 1209 347 1271 prImi
358 1210 521 1264 centurionum,
537 1207 713 1256 cmdidiveste:
731 1225 778 1258 cae·

99 1274 156 1321 „teri
170 1274 237 1336 juxta
254 1288 318 1322 arram
337 1274 430 1334 quisque
445 1273 576 1328 centuriam,
591 1274 659 1321 aruris
670 1274 779 1334 donisque

110 1338 235 1401 fulgentes.
267 1337 301 1386 Et
311 1339 408 1385 militum
417 1339 516 1401 phulerae
530 1345 665 1399 torquesque
675 1338 779 1400 splendo-

95 1446 100 1454 .
112 1405 182 1452 bont:
202 1403 283 1452 decors
299 1402 375 1458 facies,
391 1411 472 1453 etnon
482 1402 576 1465 Vitellio
587 1402 686 1465 principe
697 1402 780 1465 dignus

113 1471 234 1516 exercitus.
267 1469 305 1516 ste
323 1467 459 1531 Capitolium
473 1469 597 1531 Ingressus,
613 1476 680 1528 atque
690 1469 720 1515 ibi
729 1483 779 1516 ma·

114 1541 173 1588 trem
185 1533 320 1594 complexus,
338 1535 451 1598 Augustos
462 1534 554 1581 nomine
563 1534 688 1580 honoravit.

149 1596 206 1647 XC·
221 1597 316 1646 Posteri
333 1599 374 1655 die,
391 1609 504 1660 tamquam
516 1598 574 1660 apud
584 1598 675 1657 alterius
684 1597 782 1646 civitati·

113 1671 219 1712 sonetum
236 1665 394 1726 populumque,-
410 1662 554 1726 mngniflcsm
570 1662 694 1710 orationem
705 1662 734 1708 de
744 1677 781 1708 se-

114 1729 213 1790 metipso
222 1731 323 1792 promsit,
339 1729 471 1778 industriom
488 1728 702 1791 temperentiamque
717 1741 782 1774 auam

114 1795 218 1842 leudibus
239 1793 356 1845 attollens:
385 1795 482 1843 conscita
499 1791 636 1856 flagitiorum
658 1793 721 1855 ipsis,
733 1793 782 1853 >qui

114 1859 214 1914 aderunt,
225 1860 337 1920 -omanue
354 1856 426 1912 Iudi,
442 1874 483 1921 per
499 1866 708 1919 qusm2somno„et
725 1857 781 1904 luxu

103 1923 232 1987 ›pudendua
246 1925 375 1972 incesserat.
406 1923 498 1986 Vulgus
507 1930 593 1980 tomen,
607 1939 704 1971 vacuum
713 1923 782 1980 curis,

114 1997 139 2038 et
159 1989 208 2036 sine
225 1988 276 2036 fulsi
295 1990 387 2050 verique
398 1989 533 2040 discrimine
551 1989 629 2035 solius
643 1987 783 2036 adustiones

114 2055 227 2110 edoctum,
236 2054 335 2102 clamore
342 2061 366 2100 et
373 2055 466 2104 uocibus
471 2053 626 2114 adstrepebut3
634 2051 784 2111 abnuentique

114 2133 201 2174 nomen
212 2120 320 2182 Augusti,
331 2116 468 2181 expressere,
479 2125 505 2166 ut
515 2125 651 2169 assumeret:
666 2124 713 2163 tum
722 2114 782 2162 irus-
799 2167 803 2172 ,

114 2192 158 2240 tre,
174 2199 242 2245 quam
253 2194 401 2232 recusaverat.
800 2181 805 2187 “

149 2246 220 2298 xcl.
237 2249 307 2312 Apud
321 2249 435 2298 civitatem
450 2248 732 2311 cunctsiuterpretantean,
748 2244 786 2291 fu-

115 2314 176 2362 nesti
187 2315 269 2362 ominis
279 2315 331 2362 loco
342 2322 459 2376 acceptum
467 2313 584 2375 eat-quod,
595 2314 718 2361 momorum
726 2326 785 2373 pon-

115 2379 226 2429 tificatum
245 2380 346 2442 adeptus,
357 2379 473 2429 *Vitellius
483 2379 520 2425 -de
537 2378 674 2425 cerimoniis
691 2376 786 2438 publicis

116 2443 168 2493 XV
180 2444 233 2492 lun
243 2444 305 2506 Aug.
316 2445 431 2502 edixisset,
443 2443 566 2505 antiquitus
575 2442 674 2490 infausto
683 2441 721 2486 die
729 2438 787 2487 Cre·

115 2511 215 2558 metensi
234 2509 507 2570 Alliensiquecladibus:
526 2506 675 2556 sdeo:omnis
693 2503 787 2549 humaui

112 2576 231 2637 divinique
237 2575 301 2638 juris
312 2589 401 2638 expers,
417 2574 466 2640 pari
480 2573 610 2621 hitertorum
621 2571 797 2629 amicorumque
841 2571 846 2580 “

140 2655 206 2692 παι..
212 2655 250 2690 111.
558 2678 562 2683 ,
579 2650 603 2683 ι,
772 2655 776 2669 ¹
