<?xml version="1.0" encoding="UTF-8"?>
<!DOCTYPE html PUBLIC "-//W3C//DTD XHTML 1.0 Transitional//EN"
    "http://www.w3.org/TR/xhtml1/DTD/xhtml1-transitional.dtd">
<html xmlns="http://www.w3.org/1999/xhtml" xml:lang="en" lang="en">
 <head>
  <title>
</title>
<meta http-equiv="Content-Type" content="text/html;charset=utf-8" />
  <meta name='ocr-system' content='tesseract 3.04.00' />
  <meta name='ocr-capabilities' content='ocr_page ocr_carea ocr_par ocr_line ocrx_word'/>
</head>
<body>
  <div class='ocr_page' id='page_1' title='image "./opera02obergoog_0135.png"; bbox 0 0 1834 2900; ppageno 0'>
   <div class='ocr_carea' id='block_1_1' title="bbox 34 102 794 191">
    <p class='ocr_par' dir='ltr' id='par_1_1' title="bbox 34 102 794 191">
     <span class='ocr_line' id='line_1_1' title="bbox 34 102 794 191; baseline 0.016 -12"><span class='ocrx_word' id='word_1_1' title='bbox 34 102 51 159; x_wconf 71' lang='grc' dir='ltr'><strong>ἶ</strong></span> <span class='ocrx_word' id='word_1_2' title='bbox 125 139 224 186; x_wconf 65' lang='lat' dir='ltr'><strong>roro</strong></span> <span class='ocrx_word' id='word_1_3' title='bbox 244 132 730 190; x_wconf 66' lang='lat' dir='ltr'><strong>msromnumrmantcoar.</strong></span> <span class='ocrx_word' id='word_1_4' title='bbox 748 146 794 191; x_wconf 76' lang='lat'><strong>12⁷</strong></span> 
     </span>
    </p>
   </div>
   <div class='ocr_carea' id='block_1_2' title="bbox 120 268 844 1560">
    <p class='ocr_par' dir='ltr' id='par_1_2' title="bbox 121 268 844 1164">
     <span class='ocr_line' id='line_1_2' title="bbox 125 268 792 334; baseline 0.007 -17"><span class='ocrx_word' id='word_1_5' title='bbox 125 270 295 317; x_wconf 77' lang='lat' dir='ltr'><strong>accendebatur.</strong></span> <span class='ocrx_word' id='word_1_6' title='bbox 313 268 485 319; x_wconf 71' lang='lat' dir='ltr'><strong>Cartimandua</strong></span> <span class='ocrx_word' id='word_1_7' title='bbox 491 271 636 334; x_wconf 81' lang='lat' dir='ltr'><strong>Brigantibus</strong></span> <span class='ocrx_word' id='word_1_8' title='bbox 644 272 792 334; x_wconf 75' lang='lat' dir='ltr'><strong>imperitabat,</strong></span> 
     </span>
     <span class='ocr_line' id='line_1_3' title="bbox 126 335 791 399; baseline 0.009 -20"><span class='ocrx_word' id='word_1_9' title='bbox 126 335 215 397; x_wconf 77' lang='lat' dir='ltr'><strong>ppllens</strong></span> <span class='ocrx_word' id='word_1_10' title='bbox 230 336 357 382; x_wconf 85' lang='lat' dir='ltr'><strong>nobilitate:</strong></span> <span class='ocrx_word' id='word_1_11' title='bbox 377 346 400 382; x_wconf 91' lang='lat' dir='ltr'><strong>et</strong></span> <span class='ocrx_word' id='word_1_12' title='bbox 417 345 509 384; x_wconf 76' lang='lat' dir='ltr'><strong>auxerat</strong></span> <span class='ocrx_word' id='word_1_13' title='bbox 519 338 648 399; x_wconf 85' lang='lat' dir='ltr'><strong>potentiam,</strong></span> <span class='ocrx_word' id='word_1_14' title='bbox 664 346 791 399; x_wconf 84' lang='lat' dir='ltr'><strong>postquam,</strong></span> 
     </span>
     <span class='ocr_line' id='line_1_4' title="bbox 127 400 791 463; baseline 0.008 -18"><span class='ocrx_word' id='word_1_15' title='bbox 127 406 195 460; x_wconf 81' lang='lat' dir='ltr'><strong>capto</strong></span> <span class='ocrx_word' id='word_1_16' title='bbox 212 414 253 461; x_wconf 89' lang='lat' dir='ltr'><strong>per</strong></span> <span class='ocrx_word' id='word_1_17' title='bbox 270 400 344 446; x_wconf 88' lang='lat' dir='ltr'><strong>dolum</strong></span> <span class='ocrx_word' id='word_1_18' title='bbox 356 416 410 463; x_wconf 85' lang='lat' dir='ltr'><strong>rege</strong></span> <span class='ocrx_word' id='word_1_19' title='bbox 421 400 551 457; x_wconf 69' lang='lat' dir='ltr'><strong>Caractoeo,</strong></span> <span class='ocrx_word' id='word_1_20' title='bbox 568 402 700 454; x_wconf 69' lang='lat' dir='ltr'><strong>instruxisse</strong></span> <span class='ocrx_word' id='word_1_21' title='bbox 710 404 791 450; x_wconf 86' lang='lat' dir='ltr'><strong>trium·</strong></span> 
     </span>
     <span class='ocr_line' id='line_1_5' title="bbox 127 461 789 529; baseline 0.009 -20"><span class='ocrx_word' id='word_1_22' title='bbox 127 464 199 525; x_wconf 88' lang='lat' dir='ltr'><strong>phum</strong></span> <span class='ocrx_word' id='word_1_23' title='bbox 212 461 298 511; x_wconf 83' lang='lat' dir='ltr'><strong>Claudii</strong></span> <span class='ocrx_word' id='word_1_24' title='bbox 310 462 407 513; x_wconf 89' lang='lat' dir='ltr'><strong>Caesaris</strong></span> <span class='ocrx_word' id='word_1_25' title='bbox 418 466 540 514; x_wconf 84' lang='lat' dir='ltr'><strong>videbatur.</strong></span> <span class='ocrx_word' id='word_1_26' title='bbox 573 464 630 513; x_wconf 90' lang='lat' dir='ltr'><strong>Inde</strong></span> <span class='ocrx_word' id='word_1_27' title='bbox 642 482 702 529; x_wconf 74' lang='lat' dir='ltr'><strong>opes</strong></span> <span class='ocrx_word' id='word_1_28' title='bbox 719 476 742 515; x_wconf 83' lang='lat' dir='ltr'><strong>et</strong></span> <span class='ocrx_word' id='word_1_29' title='bbox 753 483 789 515; x_wconf 88' lang='lat' dir='ltr'><strong>re·</strong></span> 
     </span>
     <span class='ocr_line' id='line_1_6' title="bbox 128 530 789 593; baseline 0.008 -19"><span class='ocrx_word' id='word_1_30' title='bbox 128 542 180 573; x_wconf 83' lang='lat' dir='ltr'><strong>rum</strong></span> <span class='ocrx_word' id='word_1_31' title='bbox 191 530 336 575; x_wconf 83' lang='lat' dir='ltr'><strong>secundarum</strong></span> <span class='ocrx_word' id='word_1_32' title='bbox 347 530 428 577; x_wconf 82' lang='lat' dir='ltr'><strong>luxus:</strong></span> <span class='ocrx_word' id='word_1_33' title='bbox 444 540 518 593; x_wconf 86' lang='lat' dir='ltr'><strong>spreto</strong></span> <span class='ocrx_word' id='word_1_34' title='bbox 530 530 637 585; x_wconf 84' lang='lat' dir='ltr'><strong>Venutio,</strong></span> <span class='ocrx_word' id='word_1_35' title='bbox 648 532 679 593; x_wconf 88' lang='lat' dir='ltr'><strong>(is</strong></span> <span class='ocrx_word' id='word_1_36' title='bbox 688 531 731 578; x_wconf 84' lang='lat' dir='ltr'><strong>suit</strong></span> <span class='ocrx_word' id='word_1_37' title='bbox 741 547 789 579; x_wconf 81' lang='lat' dir='ltr'><strong>ma·</strong></span> 
     </span>
     <span class='ocr_line' id='line_1_7' title="bbox 127 590 844 657; baseline 0.008 -19"><span class='ocrx_word' id='word_1_38' title='bbox 127 590 196 653; x_wconf 88' lang='lat' dir='ltr'><strong>ritus)</strong></span> <span class='ocrx_word' id='word_1_39' title='bbox 207 594 342 656; x_wconf 80' lang='lat' dir='ltr'><strong>armigerum</strong></span> <span class='ocrx_word' id='word_1_40' title='bbox 352 596 408 657; x_wconf 79' lang='lat' dir='ltr'><strong>eJus,</strong></span> <span class='ocrx_word' id='word_1_41' title='bbox 426 594 575 650; x_wconf 77' lang='lat' dir='ltr'><strong>Vellocatum,</strong></span> <span class='ocrx_word' id='word_1_42' title='bbox 592 596 615 642; x_wconf 91' lang='lat' dir='ltr'><strong>in</strong></span> <span class='ocrx_word' id='word_1_43' title='bbox 626 596 791 644; x_wconf 67' lang='lat' dir='ltr'><strong>matrimonium</strong></span> <span class='ocrx_word' id='word_1_44' title='bbox 839 624 844 631; x_wconf 95' lang='lat'>-</span> 
     </span>
     <span class='ocr_line' id='line_1_8' title="bbox 126 657 792 721; baseline 0.008 -17"><span class='ocrx_word' id='word_1_45' title='bbox 126 671 267 719; x_wconf 80' lang='lat' dir='ltr'><strong>regnumque</strong></span> <span class='ocrx_word' id='word_1_46' title='bbox 275 660 367 721; x_wconf 88' lang='lat' dir='ltr'><strong>accepit.</strong></span> <span class='ocrx_word' id='word_1_47' title='bbox 396 657 514 707; x_wconf 85' lang='lat' dir='ltr'><strong>Concussa</strong></span> <span class='ocrx_word' id='word_1_48' title='bbox 523 661 598 707; x_wconf 82' lang='lat' dir='ltr'><strong>statim</strong></span> <span class='ocrx_word' id='word_1_49' title='bbox 609 658 696 721; x_wconf 70' lang='lat' dir='ltr'><strong>flagitio</strong></span> <span class='ocrx_word' id='word_1_50' title='bbox 707 660 792 709; x_wconf 81' lang='lat' dir='ltr'><strong>domus.</strong></span> 
     </span>
     <span class='ocr_line' id='line_1_9' title="bbox 124 720 792 787; baseline 0.006 -18"><span class='ocrx_word' id='word_1_51' title='bbox 124 720 172 769; x_wconf 87' lang='lat' dir='ltr'><strong>Pro</strong></span> <span class='ocrx_word' id='word_1_52' title='bbox 180 723 261 769; x_wconf 82' lang='lat' dir='ltr'><strong>marito</strong></span> <span class='ocrx_word' id='word_1_53' title='bbox 271 724 345 770; x_wconf 85' lang='lat' dir='ltr'><strong>studia</strong></span> <span class='ocrx_word' id='word_1_54' title='bbox 352 724 462 781; x_wconf 84' lang='lat' dir='ltr'><strong>civitatis;</strong></span> <span class='ocrx_word' id='word_1_55' title='bbox 474 741 514 787; x_wconf 90' lang='lat' dir='ltr'><strong>pro</strong></span> <span class='ocrx_word' id='word_1_56' title='bbox 520 724 621 772; x_wconf 86' lang='lat' dir='ltr'><strong>adultero</strong></span> <span class='ocrx_word' id='word_1_57' title='bbox 630 724 698 770; x_wconf 81' lang='lat' dir='ltr'><strong>libido</strong></span> <span class='ocrx_word' id='word_1_58' title='bbox 706 726 792 786; x_wconf 66' lang='lat' dir='ltr'><strong>regine</strong></span> 
     </span>
     <span class='ocr_line' id='line_1_10' title="bbox 124 785 790 851; baseline 0.009 -18"><span class='ocrx_word' id='word_1_59' title='bbox 124 793 149 833; x_wconf 87' lang='lat' dir='ltr'><strong>et</strong></span> <span class='ocrx_word' id='word_1_60' title='bbox 168 788 263 834; x_wconf 80' lang='lat' dir='ltr'><strong>saevitia.</strong></span> <span class='ocrx_word' id='word_1_61' title='bbox 295 785 370 851; x_wconf 84' lang='lat' dir='ltr'><strong>Igitur</strong></span> <span class='ocrx_word' id='word_1_62' title='bbox 380 788 500 844; x_wconf 81' lang='lat' dir='ltr'><strong>Venutius,</strong></span> <span class='ocrx_word' id='word_1_63' title='bbox 519 790 596 840; x_wconf 84' lang='lat' dir='ltr'><strong>accitis</strong></span> <span class='ocrx_word' id='word_1_64' title='bbox 612 789 707 843; x_wconf 72' lang='lat' dir='ltr'><strong>auxiliis,</strong></span> <span class='ocrx_word' id='word_1_65' title='bbox 724 790 790 840; x_wconf 84' lang='lat' dir='ltr'><strong>simul</strong></span> 
     </span>
     <span class='ocr_line' id='line_1_11' title="bbox 121 850 789 913; baseline 0.006 -16"><span class='ocrx_word' id='word_1_66' title='bbox 121 850 130 898; x_wconf 93' lang='lat' dir='ltr'><strong>i</strong></span> <span class='ocrx_word' id='word_1_67' title='bbox 148 866 225 898; x_wconf 88' lang='lat' dir='ltr'><strong>sorum</strong></span> <span class='ocrx_word' id='word_1_68' title='bbox 232 850 367 913; x_wconf 73' lang='lat' dir='ltr'><strong>Brigantum</strong></span> <span class='ocrx_word' id='word_1_69' title='bbox 374 852 532 908; x_wconf 75' lang='lat' dir='ltr'><strong>defectionem</strong></span> <span class='ocrx_word' id='word_1_70' title='bbox 538 862 664 901; x_wconf 85' lang='lat' dir='ltr'><strong>extremum</strong></span> <span class='ocrx_word' id='word_1_71' title='bbox 671 853 789 901; x_wconf 87' lang='lat' dir='ltr'><strong>discrimen</strong></span> 
     </span>
     <span class='ocr_line' id='line_1_12' title="bbox 124 866 787 979; baseline 0.002 -14"><span class='ocrx_word' id='word_1_72' title='bbox 124 866 322 965; x_wconf 48' lang='lat' dir='ltr'><strong>&amp;arumnorum</strong></span> <span class='ocrx_word' id='word_1_73' title='bbox 344 917 443 964; x_wconf 83' lang='lat' dir='ltr'><strong>adduxit.</strong></span> <span class='ocrx_word' id='word_1_74' title='bbox 474 918 535 965; x_wconf 90' lang='lat' dir='ltr'><strong>Tum</strong></span> <span class='ocrx_word' id='word_1_75' title='bbox 557 919 626 979; x_wconf 84' lang='lat' dir='ltr'><strong>petita</strong></span> <span class='ocrx_word' id='word_1_76' title='bbox 643 932 658 965; x_wconf 86' lang='lat' dir='ltr'><strong>s</strong></span> <span class='ocrx_word' id='word_1_77' title='bbox 675 916 787 967; x_wconf 83' lang='lat' dir='ltr'><strong>Romanis</strong></span> 
     </span>
     <span class='ocr_line' id='line_1_13' title="bbox 122 981 787 1045; baseline 0.008 -19"><span class='ocrx_word' id='word_1_78' title='bbox 122 981 241 1043; x_wconf 71' lang='lat' dir='ltr'><strong>praesidia:</strong></span> <span class='ocrx_word' id='word_1_79' title='bbox 261 987 284 1027; x_wconf 89' lang='lat' dir='ltr'><strong>et</strong></span> <span class='ocrx_word' id='word_1_80' title='bbox 294 981 397 1029; x_wconf 82' lang='lat' dir='ltr'><strong>cohortes</strong></span> <span class='ocrx_word' id='word_1_81' title='bbox 406 983 494 1043; x_wconf 85' lang='lat' dir='ltr'><strong>olaeque</strong></span> <span class='ocrx_word' id='word_1_82' title='bbox 510 990 600 1037; x_wconf 67' lang='lat' dir='ltr'><strong>nostre,</strong></span> <span class='ocrx_word' id='word_1_83' title='bbox 617 983 684 1030; x_wconf 84' lang='lat' dir='ltr'><strong>variis</strong></span> <span class='ocrx_word' id='word_1_84' title='bbox 694 983 787 1045; x_wconf 83' lang='lat' dir='ltr'><strong>proeliis,</strong></span> 
     </span>
     <span class='ocr_line' id='line_1_14' title="bbox 122 1042 786 1110; baseline 0.008 -19"><span class='ocrx_word' id='word_1_85' title='bbox 122 1042 230 1092; x_wconf 72' lang='lat' dir='ltr'><strong>exemtire</strong></span> <span class='ocrx_word' id='word_1_86' title='bbox 240 1052 314 1093; x_wconf 80' lang='lat' dir='ltr'><strong>tamen</strong></span> <span class='ocrx_word' id='word_1_87' title='bbox 322 1046 421 1107; x_wconf 90' lang='lat' dir='ltr'><strong>periculo</strong></span> <span class='ocrx_word' id='word_1_88' title='bbox 429 1049 537 1110; x_wconf 83' lang='lat' dir='ltr'><strong>reginam.</strong></span> <span class='ocrx_word' id='word_1_89' title='bbox 558 1047 666 1110; x_wconf 74' lang='lat' dir='ltr'><strong>Regnum</strong></span> <span class='ocrx_word' id='word_1_90' title='bbox 677 1046 786 1105; x_wconf 77' lang='lat' dir='ltr'><strong>Venutio,</strong></span> 
     </span>
     <span class='ocr_line' id='line_1_15' title="bbox 122 1109 408 1164; baseline 0.003 -7"><span class='ocrx_word' id='word_1_91' title='bbox 122 1109 206 1157; x_wconf 77' lang='lat' dir='ltr'><strong>bellum</strong></span> <span class='ocrx_word' id='word_1_92' title='bbox 218 1111 287 1164; x_wconf 87' lang='lat' dir='ltr'><strong>uobis,</strong></span> <span class='ocrx_word' id='word_1_93' title='bbox 298 1112 408 1158; x_wconf 86' lang='lat' dir='ltr'><strong>relictum.</strong></span> 
     </span>
    </p>

    <p class='ocr_par' dir='ltr' id='par_1_3' title="bbox 120 1172 785 1560">
     <span class='ocr_line' id='line_1_16' title="bbox 157 1172 785 1238; baseline 0.01 -18"><span class='ocrx_word' id='word_1_94' title='bbox 157 1172 249 1221; x_wconf 77' lang='lat' dir='ltr'><strong>XLVI.</strong></span> <span class='ocrx_word' id='word_1_95' title='bbox 265 1174 364 1222; x_wconf 86' lang='lat' dir='ltr'><strong>Turbata</strong></span> <span class='ocrx_word' id='word_1_96' title='bbox 381 1192 421 1238; x_wconf 92' lang='lat' dir='ltr'><strong>per</strong></span> <span class='ocrx_word' id='word_1_97' title='bbox 438 1178 529 1225; x_wconf 86' lang='lat' dir='ltr'><strong>eosdem</strong></span> <span class='ocrx_word' id='word_1_98' title='bbox 549 1178 596 1225; x_wconf 82' lang='lat' dir='ltr'><strong>dies</strong></span> <span class='ocrx_word' id='word_1_99' title='bbox 616 1178 744 1233; x_wconf 77' lang='lat' dir='ltr'><strong>Gmmania,</strong></span> <span class='ocrx_word' id='word_1_100' title='bbox 760 1185 785 1226; x_wconf 89' lang='lat' dir='ltr'><strong>et</strong></span> 
     </span>
     <span class='ocr_line' id='line_1_17' title="bbox 121 1237 784 1305; baseline 0.006 -18"><span class='ocrx_word' id='word_1_101' title='bbox 121 1237 225 1287; x_wconf 73' lang='lat' dir='ltr'><strong>socordil</strong></span> <span class='ocrx_word' id='word_1_102' title='bbox 235 1240 325 1297; x_wconf 89' lang='lat' dir='ltr'><strong>ducum,</strong></span> <span class='ocrx_word' id='word_1_103' title='bbox 336 1248 360 1287; x_wconf 88' lang='lat' dir='ltr'><strong>et</strong></span> <span class='ocrx_word' id='word_1_104' title='bbox 370 1242 479 1289; x_wconf 84' lang='lat' dir='ltr'><strong>seditione</strong></span> <span class='ocrx_word' id='word_1_105' title='bbox 490 1244 612 1305; x_wconf 80' lang='lat' dir='ltr'><strong>legionum.</strong></span> <span class='ocrx_word' id='word_1_106' title='bbox 643 1241 746 1290; x_wconf 79' lang='lat' dir='ltr'><strong>Externri</strong></span> <span class='ocrx_word' id='word_1_107' title='bbox 754 1244 784 1297; x_wconf 81' lang='lat' dir='ltr'><strong>vi,</strong></span> 
     </span>
     <span class='ocr_line' id='line_1_18' title="bbox 120 1302 784 1367; baseline 0.006 -17"><span class='ocrx_word' id='word_1_108' title='bbox 120 1302 213 1367; x_wconf 82' lang='lat' dir='ltr'><strong>perfiditi</strong></span> <span class='ocrx_word' id='word_1_109' title='bbox 221 1306 303 1359; x_wconf 80' lang='lat' dir='ltr'><strong>sociali,</strong></span> <span class='ocrx_word' id='word_1_110' title='bbox 315 1320 383 1367; x_wconf 84' lang='lat' dir='ltr'><strong>prope</strong></span> <span class='ocrx_word' id='word_1_111' title='bbox 391 1306 473 1353; x_wconf 86' lang='lat' dir='ltr'><strong>afflicta</strong></span> <span class='ocrx_word' id='word_1_112' title='bbox 483 1307 588 1354; x_wconf 83' lang='lat' dir='ltr'><strong>Romans</strong></span> <span class='ocrx_word' id='word_1_113' title='bbox 597 1322 641 1353; x_wconf 83' lang='lat' dir='ltr'><strong>res.</strong></span> <span class='ocrx_word' id='word_1_114' title='bbox 663 1306 784 1354; x_wconf 78' lang='lat' dir='ltr'><strong>lunellum</strong></span> 
     </span>
     <span class='ocr_line' id='line_1_19' title="bbox 121 1370 784 1435; baseline 0.003 -20"><span class='ocrx_word' id='word_1_115' title='bbox 121 1384 174 1415; x_wconf 88' lang='lat' dir='ltr'><strong>cum</strong></span> <span class='ocrx_word' id='word_1_116' title='bbox 192 1370 264 1417; x_wconf 83' lang='lat' dir='ltr'><strong>causis</strong></span> <span class='ocrx_word' id='word_1_117' title='bbox 280 1377 304 1416; x_wconf 88' lang='lat' dir='ltr'><strong>et</strong></span> <span class='ocrx_word' id='word_1_118' title='bbox 321 1371 435 1417; x_wconf 84' lang='lat' dir='ltr'><strong>eventibus</strong></span> <span class='ocrx_word' id='word_1_119' title='bbox 447 1372 542 1435; x_wconf 81' lang='lat' dir='ltr'><strong>(etenim</strong></span> <span class='ocrx_word' id='word_1_120' title='bbox 553 1372 644 1433; x_wconf 78' lang='lat' dir='ltr'><strong>longius</strong></span> <span class='ocrx_word' id='word_1_121' title='bbox 653 1378 784 1433; x_wconf 84' lang='lat' dir='ltr'><strong>proveetum</strong></span> 
     </span>
     <span class='ocr_line' id='line_1_20' title="bbox 120 1430 782 1500; baseline 0.005 -18"><span class='ocrx_word' id='word_1_122' title='bbox 120 1430 168 1494; x_wconf 84' lang='lat' dir='ltr'><strong>est)</strong></span> <span class='ocrx_word' id='word_1_123' title='bbox 187 1449 241 1481; x_wconf 86' lang='lat' dir='ltr'><strong>mox</strong></span> <span class='ocrx_word' id='word_1_124' title='bbox 254 1435 433 1483; x_wconf 77' lang='lat' dir='ltr'><strong>memorabimus.</strong></span> <span class='ocrx_word' id='word_1_125' title='bbox 464 1436 533 1484; x_wconf 87' lang='lat' dir='ltr'><strong>Mota</strong></span> <span class='ocrx_word' id='word_1_126' title='bbox 549 1444 572 1484; x_wconf 88' lang='lat' dir='ltr'><strong>et</strong></span> <span class='ocrx_word' id='word_1_127' title='bbox 589 1434 706 1484; x_wconf 86' lang='lat' dir='ltr'><strong>Dacorum</strong></span> <span class='ocrx_word' id='word_1_128' title='bbox 717 1452 782 1500; x_wconf 78' lang='lat' dir='ltr'><strong>gens,</strong></span> 
     </span>
     <span class='ocr_line' id='line_1_21' title="bbox 121 1499 784 1560; baseline 0.003 -14"><span class='ocrx_word' id='word_1_129' title='bbox 121 1513 237 1558; x_wconf 83' lang='lat' dir='ltr'><strong>nunquam</strong></span> <span class='ocrx_word' id='word_1_130' title='bbox 256 1499 306 1554; x_wconf 78' lang='lat' dir='ltr'><strong>fida,</strong></span> <span class='ocrx_word' id='word_1_131' title='bbox 328 1507 382 1560; x_wconf 77' lang='lat' dir='ltr'><strong>tunc</strong></span> <span class='ocrx_word' id='word_1_132' title='bbox 401 1502 449 1548; x_wconf 86' lang='lat' dir='ltr'><strong>siue</strong></span> <span class='ocrx_word' id='word_1_133' title='bbox 467 1510 536 1557; x_wconf 85' lang='lat' dir='ltr'><strong>metu,</strong></span> <span class='ocrx_word' id='word_1_134' title='bbox 553 1503 647 1549; x_wconf 87' lang='lat' dir='ltr'><strong>abducto</strong></span> <span class='ocrx_word' id='word_1_135' title='bbox 666 1518 679 1549; x_wconf 86' lang='lat' dir='ltr'><strong>e</strong></span> <span class='ocrx_word' id='word_1_136' title='bbox 697 1500 784 1550; x_wconf 72' lang='lat' dir='ltr'><strong>Moeeit</strong></span> 
     </span>
    </p>
   </div>
   <div class='ocr_carea' id='block_1_3' title="bbox 27 1563 785 1628">
    <p class='ocr_par' dir='ltr' id='par_1_4' title="bbox 27 1563 785 1628">
     <span class='ocr_line' id='line_1_22' title="bbox 27 1563 785 1628; baseline 0.007 -21"><span class='ocrx_word' id='word_1_137' title='bbox 27 1607 31 1613; x_wconf 85' lang='grc'><strong>,</strong></span> <span class='ocrx_word' id='word_1_138' title='bbox 121 1563 231 1609; x_wconf 85' lang='lat' dir='ltr'><strong>exercitu.</strong></span> <span class='ocrx_word' id='word_1_139' title='bbox 254 1563 299 1610; x_wconf 83' lang='lat' dir='ltr'><strong>Sed</strong></span> <span class='ocrx_word' id='word_1_140' title='bbox 306 1566 376 1625; x_wconf 89' lang='lat' dir='ltr'><strong>prima</strong></span> <span class='ocrx_word' id='word_1_141' title='bbox 386 1581 459 1612; x_wconf 89' lang='lat' dir='ltr'><strong>rerum</strong></span> <span class='ocrx_word' id='word_1_142' title='bbox 470 1568 539 1627; x_wconf 85' lang='lat' dir='ltr'><strong>quieti</strong></span> <span class='ocrx_word' id='word_1_143' title='bbox 550 1567 733 1628; x_wconf 79' lang='lat' dir='ltr'><strong>speculabantur:</strong></span> <span class='ocrx_word' id='word_1_144' title='bbox 747 1567 785 1613; x_wconf 82' lang='lat' dir='ltr'><strong>ubi</strong></span> 
     </span>
    </p>
   </div>
   <div class='ocr_carea' id='block_1_4' title="bbox 115 1625 784 2278">
    <p class='ocr_par' dir='ltr' id='par_1_5' title="bbox 115 1625 784 2278">
     <span class='ocr_line' id='line_1_23' title="bbox 120 1625 783 1689; baseline 0.005 -15"><span class='ocrx_word' id='word_1_145' title='bbox 120 1626 219 1689; x_wconf 77' lang='lat' dir='ltr'><strong>flagrum</strong></span> <span class='ocrx_word' id='word_1_146' title='bbox 234 1625 322 1676; x_wconf 84' lang='lat' dir='ltr'><strong>Italiam</strong></span> <span class='ocrx_word' id='word_1_147' title='bbox 338 1630 402 1684; x_wconf 86' lang='lat' dir='ltr'><strong>bello,</strong></span> <span class='ocrx_word' id='word_1_148' title='bbox 419 1640 501 1678; x_wconf 84' lang='lat' dir='ltr'><strong>cuncta</strong></span> <span class='ocrx_word' id='word_1_149' title='bbox 518 1632 615 1678; x_wconf 84' lang='lat' dir='ltr'><strong>invicem</strong></span> <span class='ocrx_word' id='word_1_150' title='bbox 633 1631 728 1683; x_wconf 84' lang='lat' dir='ltr'><strong>hostilia,</strong></span> <span class='ocrx_word' id='word_1_151' title='bbox 745 1646 783 1677; x_wconf 87' lang='lat' dir='ltr'><strong>ac·</strong></span> 
     </span>
     <span class='ocr_line' id='line_1_24' title="bbox 118 1690 783 1756; baseline 0.003 -16"><span class='ocrx_word' id='word_1_152' title='bbox 118 1690 206 1755; x_wconf 65' lang='lat' dir='ltr'><strong>cepere,</strong></span> <span class='ocrx_word' id='word_1_153' title='bbox 230 1696 365 1756; x_wconf 81' lang='lat' dir='ltr'><strong>expugnatis</strong></span> <span class='ocrx_word' id='word_1_154' title='bbox 382 1696 507 1742; x_wconf 84' lang='lat' dir='ltr'><strong>cohortium</strong></span> <span class='ocrx_word' id='word_1_155' title='bbox 529 1697 658 1756; x_wconf 87' lang='lat' dir='ltr'><strong>alarumque</strong></span> <span class='ocrx_word' id='word_1_156' title='bbox 679 1696 783 1752; x_wconf 84' lang='lat' dir='ltr'><strong>hibernis,</strong></span> 
     </span>
     <span class='ocr_line' id='line_1_25' title="bbox 120 1757 784 1823; baseline 0.006 -19"><span class='ocrx_word' id='word_1_157' title='bbox 120 1757 216 1818; x_wconf 74' lang='lat' dir='ltr'><strong>utrique</strong></span> <span class='ocrx_word' id='word_1_158' title='bbox 235 1757 335 1806; x_wconf 84' lang='lat' dir='ltr'><strong>Danubii</strong></span> <span class='ocrx_word' id='word_1_159' title='bbox 354 1758 401 1821; x_wconf 79' lang='lat' dir='ltr'><strong>ripti</strong></span> <span class='ocrx_word' id='word_1_160' title='bbox 418 1761 566 1823; x_wconf 87' lang='lat' dir='ltr'><strong>potiebantur.</strong></span> <span class='ocrx_word' id='word_1_161' title='bbox 598 1760 695 1822; x_wconf 79' lang='lat' dir='ltr'><strong>Jamque</strong></span> <span class='ocrx_word' id='word_1_162' title='bbox 711 1767 784 1808; x_wconf 85' lang='lat' dir='ltr'><strong>castra</strong></span> 
     </span>
     <span class='ocr_line' id='line_1_26' title="bbox 118 1822 783 1885; baseline 0.009 -17"><span class='ocrx_word' id='word_1_163' title='bbox 118 1822 234 1884; x_wconf 75' lang='lat' dir='ltr'><strong>legionum</strong></span> <span class='ocrx_word' id='word_1_164' title='bbox 250 1825 380 1871; x_wconf 84' lang='lat' dir='ltr'><strong>exscindere</strong></span> <span class='ocrx_word' id='word_1_165' title='bbox 396 1827 509 1885; x_wconf 84' lang='lat' dir='ltr'><strong>parabant,</strong></span> <span class='ocrx_word' id='word_1_166' title='bbox 526 1827 549 1873; x_wconf 91' lang='lat' dir='ltr'><strong>ni</strong></span> <span class='ocrx_word' id='word_1_167' title='bbox 560 1826 682 1874; x_wconf 84' lang='lat' dir='ltr'><strong>Mucianus</strong></span> <span class='ocrx_word' id='word_1_168' title='bbox 695 1833 783 1874; x_wconf 83' lang='lat' dir='ltr'><strong>sextam</strong></span> 
     </span>
     <span class='ocr_line' id='line_1_27' title="bbox 118 1886 782 1954; baseline 0.006 -20"><span class='ocrx_word' id='word_1_169' title='bbox 118 1886 232 1948; x_wconf 78' lang='lat' dir='ltr'><strong>legionem</strong></span> <span class='ocrx_word' id='word_1_170' title='bbox 243 1890 391 1950; x_wconf 85' lang='lat' dir='ltr'><strong>opposuisset,</strong></span> <span class='ocrx_word' id='word_1_171' title='bbox 408 1887 569 1938; x_wconf 71' lang='lat' dir='ltr'><strong>Cremonensis</strong></span> <span class='ocrx_word' id='word_1_172' title='bbox 579 1891 680 1939; x_wconf 76' lang='lat' dir='ltr'><strong>victmiae</strong></span> <span class='ocrx_word' id='word_1_173' title='bbox 690 1906 782 1954; x_wconf 84' lang='lat' dir='ltr'><strong>gnarus,</strong></span> 
     </span>
     <span class='ocr_line' id='line_1_28' title="bbox 117 1953 782 2018; baseline 0.008 -20"><span class='ocrx_word' id='word_1_174' title='bbox 117 1966 147 1998; x_wconf 89' lang='lat' dir='ltr'><strong>ac</strong></span> <span class='ocrx_word' id='word_1_175' title='bbox 161 1966 191 1998; x_wconf 91' lang='lat' dir='ltr'><strong>ne</strong></span> <span class='ocrx_word' id='word_1_176' title='bbox 208 1961 301 2000; x_wconf 89' lang='lat' dir='ltr'><strong>externa</strong></span> <span class='ocrx_word' id='word_1_177' title='bbox 318 1953 388 2000; x_wconf 86' lang='lat' dir='ltr'><strong>moles</strong></span> <span class='ocrx_word' id='word_1_178' title='bbox 405 1957 517 2016; x_wconf 88' lang='lat' dir='ltr'><strong>utrimque</strong></span> <span class='ocrx_word' id='word_1_179' title='bbox 532 1958 654 2018; x_wconf 78' lang='lat' dir='ltr'><strong>ingrueret,</strong></span> <span class='ocrx_word' id='word_1_180' title='bbox 672 1957 690 2003; x_wconf 89' lang='lat' dir='ltr'><strong>si</strong></span> <span class='ocrx_word' id='word_1_181' title='bbox 702 1955 782 2004; x_wconf 86' lang='lat' dir='ltr'><strong>Dacus</strong></span> 
     </span>
     <span class='ocr_line' id='line_1_29' title="bbox 119 2015 784 2082; baseline 0.003 -19"><span class='ocrx_word' id='word_1_182' title='bbox 119 2015 291 2078; x_wconf 80' lang='lat' dir='ltr'><strong>Germanusque</strong></span> <span class='ocrx_word' id='word_1_183' title='bbox 305 2018 386 2064; x_wconf 80' lang='lat' dir='ltr'><strong>diversi</strong></span> <span class='ocrx_word' id='word_1_184' title='bbox 403 2019 540 2082; x_wconf 80' lang='lat' dir='ltr'><strong>irrupissent.</strong></span> <span class='ocrx_word' id='word_1_185' title='bbox 575 2021 660 2074; x_wconf 82' lang='lat' dir='ltr'><strong>Adfuit,</strong></span> <span class='ocrx_word' id='word_1_186' title='bbox 683 2028 708 2065; x_wconf 91' lang='lat' dir='ltr'><strong>ut</strong></span> <span class='ocrx_word' id='word_1_187' title='bbox 722 2035 784 2082; x_wconf 77' lang='lat' dir='ltr'><strong>saepe</strong></span> 
     </span>
     <span class='ocr_line' id='line_1_30' title="bbox 115 2081 782 2146; baseline 0.007 -19"><span class='ocrx_word' id='word_1_188' title='bbox 115 2081 178 2138; x_wconf 82' lang='lat' dir='ltr'><strong>alias,</strong></span> <span class='ocrx_word' id='word_1_189' title='bbox 196 2081 296 2130; x_wconf 84' lang='lat' dir='ltr'><strong>Fortuna</strong></span> <span class='ocrx_word' id='word_1_190' title='bbox 306 2082 382 2145; x_wconf 89' lang='lat' dir='ltr'><strong>populi</strong></span> <span class='ocrx_word' id='word_1_191' title='bbox 392 2083 461 2130; x_wconf 85' lang='lat' dir='ltr'><strong>Rom.</strong></span> <span class='ocrx_word' id='word_1_192' title='bbox 471 2100 522 2146; x_wconf 83' lang='lat' dir='ltr'><strong>quae</strong></span> <span class='ocrx_word' id='word_1_193' title='bbox 533 2085 667 2132; x_wconf 81' lang='lat' dir='ltr'><strong>Mucianum</strong></span> <span class='ocrx_word' id='word_1_194' title='bbox 678 2084 782 2145; x_wconf 85' lang='lat' dir='ltr'><strong>uiresque</strong></span> 
     </span>
     <span class='ocr_line' id='line_1_31' title="bbox 115 2145 779 2210; baseline 0.005 -16"><span class='ocrx_word' id='word_1_195' title='bbox 115 2145 217 2194; x_wconf 90' lang='lat' dir='ltr'><strong>Orientis</strong></span> <span class='ocrx_word' id='word_1_196' title='bbox 227 2147 279 2194; x_wconf 90' lang='lat' dir='ltr'><strong>illuc</strong></span> <span class='ocrx_word' id='word_1_197' title='bbox 290 2148 354 2206; x_wconf 86' lang='lat' dir='ltr'><strong>tulit;</strong></span> <span class='ocrx_word' id='word_1_198' title='bbox 372 2156 394 2196; x_wconf 83' lang='lat' dir='ltr'><strong>et</strong></span> <span class='ocrx_word' id='word_1_199' title='bbox 405 2150 464 2210; x_wconf 88' lang='lat' dir='ltr'><strong>quod</strong></span> <span class='ocrx_word' id='word_1_200' title='bbox 477 2147 597 2198; x_wconf 80' lang='lat' dir='ltr'><strong>Cremonae</strong></span> <span class='ocrx_word' id='word_1_201' title='bbox 607 2149 696 2196; x_wconf 88' lang='lat' dir='ltr'><strong>interim</strong></span> <span class='ocrx_word' id='word_1_202' title='bbox 704 2155 779 2197; x_wconf 83' lang='lat' dir='ltr'><strong>trans·</strong></span> 
     </span>
     <span class='ocr_line' id='line_1_32' title="bbox 116 2211 782 2278; baseline 0.009 -21"><span class='ocrx_word' id='word_1_203' title='bbox 116 2212 212 2273; x_wconf 84' lang='lat' dir='ltr'><strong>egimus.</strong></span> <span class='ocrx_word' id='word_1_204' title='bbox 252 2211 361 2261; x_wconf 86' lang='lat' dir='ltr'><strong>Fonteius</strong></span> <span class='ocrx_word' id='word_1_205' title='bbox 376 2214 477 2276; x_wconf 80' lang='lat' dir='ltr'><strong>Agrippa</strong></span> <span class='ocrx_word' id='word_1_206' title='bbox 501 2231 530 2262; x_wconf 86' lang='lat' dir='ltr'><strong>ex</strong></span> <span class='ocrx_word' id='word_1_207' title='bbox 545 2212 603 2262; x_wconf 72' lang='lat' dir='ltr'><strong>Acir</strong></span> <span class='ocrx_word' id='word_1_208' title='bbox 619 2215 671 2278; x_wconf 91' lang='lat' dir='ltr'><strong>(pro</strong></span> <span class='ocrx_word' id='word_1_209' title='bbox 688 2216 782 2264; x_wconf 83' lang='lat' dir='ltr'><strong>consule</strong></span> 
     </span>
    </p>
   </div>
   <div class='ocr_carea' id='block_1_5' title="bbox 113 2276 857 2342">
    <p class='ocr_par' dir='ltr' id='par_1_6' title="bbox 113 2276 857 2342">
     <span class='ocr_line' id='line_1_33' title="bbox 113 2276 857 2342; baseline 0.005 -18"><span class='ocrx_word' id='word_1_210' title='bbox 113 2290 167 2324; x_wconf 80' lang='lat' dir='ltr'><strong>eum</strong></span> <span class='ocrx_word' id='word_1_211' title='bbox 188 2279 324 2338; x_wconf 88' lang='lat' dir='ltr'><strong>provinciam</strong></span> <span class='ocrx_word' id='word_1_212' title='bbox 344 2293 418 2326; x_wconf 80' lang='lat' dir='ltr'><strong>annuo</strong></span> <span class='ocrx_word' id='word_1_213' title='bbox 439 2281 532 2342; x_wconf 89' lang='lat' dir='ltr'><strong>imperio</strong></span> <span class='ocrx_word' id='word_1_214' title='bbox 553 2277 667 2340; x_wconf 84' lang='lat' dir='ltr'><strong>tenuerat)</strong></span> <span class='ocrx_word' id='word_1_215' title='bbox 687 2279 780 2328; x_wconf 82' lang='lat' dir='ltr'><strong>Moesrrr</strong></span> <span class='ocrx_word' id='word_1_216' title='bbox 851 2276 857 2287; x_wconf 86' lang='lat'><em>&#39;</em></span> 
     </span>
    </p>
   </div>
   <div class='ocr_carea' id='block_1_6' title="bbox 87 2342 781 2665">
    <p class='ocr_par' dir='ltr' id='par_1_7' title="bbox 112 2342 779 2534">
     <span class='ocr_line' id='line_1_34' title="bbox 115 2342 778 2406; baseline 0.008 -20"><span class='ocrx_word' id='word_1_217' title='bbox 115 2342 250 2404; x_wconf 81' lang='lat' dir='ltr'><strong>praepositus</strong></span> <span class='ocrx_word' id='word_1_218' title='bbox 266 2351 313 2390; x_wconf 78' lang='lat' dir='ltr'><strong>est:</strong></span> <span class='ocrx_word' id='word_1_219' title='bbox 333 2343 411 2390; x_wconf 86' lang='lat' dir='ltr'><strong>additis</strong></span> <span class='ocrx_word' id='word_1_220' title='bbox 428 2347 498 2406; x_wconf 86' lang='lat' dir='ltr'><strong>copiis</strong></span> <span class='ocrx_word' id='word_1_221' title='bbox 508 2362 522 2392; x_wconf 89' lang='lat' dir='ltr'><strong>e</strong></span> <span class='ocrx_word' id='word_1_222' title='bbox 533 2344 655 2392; x_wconf 84' lang='lat' dir='ltr'><strong>Vitelliano</strong></span> <span class='ocrx_word' id='word_1_223' title='bbox 670 2345 778 2400; x_wconf 80' lang='lat' dir='ltr'><strong>exercitu,</strong></span> 
     </span>
     <span class='ocr_line' id='line_1_35' title="bbox 115 2409 779 2472; baseline 0.009 -21"><span class='ocrx_word' id='word_1_224' title='bbox 115 2420 184 2466; x_wconf 90' lang='lat' dir='ltr'><strong>quem</strong></span> <span class='ocrx_word' id='word_1_225' title='bbox 195 2409 270 2470; x_wconf 81' lang='lat' dir='ltr'><strong>spargi</strong></span> <span class='ocrx_word' id='word_1_226' title='bbox 281 2423 320 2470; x_wconf 88' lang='lat' dir='ltr'><strong>per</strong></span> <span class='ocrx_word' id='word_1_227' title='bbox 335 2409 467 2469; x_wconf 87' lang='lat' dir='ltr'><strong>provincias,</strong></span> <span class='ocrx_word' id='word_1_228' title='bbox 484 2417 508 2457; x_wconf 88' lang='lat' dir='ltr'><strong>et</strong></span> <span class='ocrx_word' id='word_1_229' title='bbox 517 2417 612 2456; x_wconf 85' lang='lat' dir='ltr'><strong>externo</strong></span> <span class='ocrx_word' id='word_1_230' title='bbox 621 2409 680 2457; x_wconf 89' lang='lat' dir='ltr'><strong>bello</strong></span> <span class='ocrx_word' id='word_1_231' title='bbox 690 2410 779 2472; x_wconf 79' lang='lat' dir='ltr'><strong>illigari,</strong></span> 
     </span>
     <span class='ocr_line' id='line_1_36' title="bbox 112 2473 442 2534; baseline 0.006 -16"><span class='ocrx_word' id='word_1_232' title='bbox 112 2485 166 2533; x_wconf 87' lang='lat' dir='ltr'><strong>pars</strong></span> <span class='ocrx_word' id='word_1_233' title='bbox 178 2473 265 2519; x_wconf 89' lang='lat' dir='ltr'><strong>consilii</strong></span> <span class='ocrx_word' id='word_1_234' title='bbox 275 2475 378 2534; x_wconf 84' lang='lat' dir='ltr'><strong>pacisque</strong></span> <span class='ocrx_word' id='word_1_235' title='bbox 388 2482 442 2520; x_wconf 86' lang='lat' dir='ltr'><strong>erat.</strong></span> 
     </span>
    </p>

    <p class='ocr_par' dir='ltr' id='par_1_8' title="bbox 87 2535 781 2665">
     <span class='ocr_line' id='line_1_37' title="bbox 87 2535 781 2586; baseline -0.01 0"><span class='ocrx_word' id='word_1_236' title='bbox 87 2571 95 2586; x_wconf 90' lang='lat'><strong>.</strong></span> <span class='ocrx_word' id='word_1_237' title='bbox 147 2535 257 2584; x_wconf 81' lang='lat' dir='ltr'><strong>XLVII.</strong></span> <span class='ocrx_word' id='word_1_238' title='bbox 275 2537 325 2584; x_wconf 86' lang='lat' dir='ltr'><strong>Nec</strong></span> <span class='ocrx_word' id='word_1_239' title='bbox 340 2546 429 2584; x_wconf 83' lang='lat' dir='ltr'><strong>caeterae</strong></span> <span class='ocrx_word' id='word_1_240' title='bbox 447 2539 550 2584; x_wconf 85' lang='lat' dir='ltr'><strong>nationes</strong></span> <span class='ocrx_word' id='word_1_241' title='bbox 568 2538 668 2584; x_wconf 76' lang='lat' dir='ltr'><strong>silebant.</strong></span> <span class='ocrx_word' id='word_1_242' title='bbox 702 2536 781 2583; x_wconf 76' lang='lat' dir='ltr'><strong>Subita</strong></span> 
     </span>
     <span class='ocr_line' id='line_1_38' title="bbox 113 2599 780 2665; baseline 0.007 -18"><span class='ocrx_word' id='word_1_243' title='bbox 113 2616 154 2664; x_wconf 89' lang='lat' dir='ltr'><strong>per</strong></span> <span class='ocrx_word' id='word_1_244' title='bbox 166 2599 266 2650; x_wconf 82' lang='lat' dir='ltr'><strong>Pontum</strong></span> <span class='ocrx_word' id='word_1_245' title='bbox 277 2617 339 2650; x_wconf 80' lang='lat' dir='ltr'><strong>arms</strong></span> <span class='ocrx_word' id='word_1_246' title='bbox 348 2603 464 2650; x_wconf 85' lang='lat' dir='ltr'><strong>barbarum</strong></span> <span class='ocrx_word' id='word_1_247' title='bbox 475 2602 618 2665; x_wconf 81' lang='lat' dir='ltr'><strong>mancipium,</strong></span> <span class='ocrx_word' id='word_1_248' title='bbox 629 2601 780 2664; x_wconf 63' lang='lat' dir='ltr'><strong>regiarum·</strong></span> 
     </span>
    </p>
   </div>
   <div class='ocr_carea' id='block_1_7' title="bbox 0 0 922 2900">
    <p class='ocr_par' dir='ltr' id='par_1_9' title="bbox 0 0 922 2900">
     <span class='ocr_line' id='line_1_39' title="bbox 0 0 922 2900; baseline 0 3"><span class='ocrx_word' id='word_1_249' title='bbox 0 0 922 2900; x_wconf 95' lang='lat' dir='ltr'><strong> </strong></span> 
     </span>
    </p>
   </div>
  </div>
 </body>
</html>
