1834 2900
151 117 184 162 60
224 103 472 158 HISTORIARUM
480 101 573 151 Lmu
583 101 642 152 Ger.
651 107 689 152 17.
700 107 728 147 U.
738 108 817 150 cuca.

183 237 254 285 XVI.
266 235 383 286 Corsicam
394 249 420 283 ac
430 235 561 288 Sardiniam,
573 241 711 296 ceterasque
720 238 817 298 proximi

152 303 317 357 mariainsuiaq
325 299 819 360 famarictriciaclusaiainpartibusothonia

154 369 233 415 tenuit.
267 366 312 413 Sed
323 363 438 413 Corsicam
449 379 519 425 prope
529 363 608 409 afflixit
618 363 652 410 D.
661 364 749 411 Pacarii
765 382 818 427 pro·

153 433 262 480 curatoris
272 431 392 484 temeritas,
401 427 463 475 tanti
473 429 533 475 mole
542 427 601 483 belii,
609 428 665 474 nihil
672 430 696 474 in
707 445 819 477 summam

154 495 276 560 profutura,
292 496 334 557 ipsi
345 495 446 540 exitiosa.
479 491 590 552 Namque,
607 491 705 540 Othonis
713 495 773 549 odio,
780 496 820 557 ju·

155 577 209 609 vare
219 561 336 607 Vitellium
349 557 473 606 Corsorum
484 557 567 602 viribus
584 558 669 611 statuit,
685 559 746 604 inani
765 574 820 606 aux·

156 627 201 682 ilio,
213 627 280 673 etiam
289 625 307 671 ai
318 623 464 685 provenisset.
486 619 580 667 Vocatis
587 621 723 683 principibus
733 624 821 679 insulae,

157 691 284 804 iiiii
293 685 823 809 ”timuisitirissiriiitiii

285 786 291 811 i

159 819 278 875 Quintium
291 815 392 870 Certum,
408 815 507 874 equitem
521 813 657 868 Romanum,
674 814 770 863 interfici
784 819 824 880 ju·

157 887 210 932 bet:
226 895 323 943 quorum
334 888 407 926 morte
417 878 524 933 exterriti,
540 879 578 938 qui
589 875 686 933 ederant,
703 881 772 927 simui
788 883 825 943 ig.

159 963 214 996 nara
235 955 258 993 et
276 945 342 992 elicui
361 943 434 990 metis
453 944 514 990 socia
531 942 685 1005 imperitorum
708 946 781 1004 turba,
801 948 825 992 in

160 1014 229 1060 verba
248 1009 334 1056 Vitellii
348 1005 461 1070 juravere.
494 1007 545 1059 Sed.
569 1008 607 1054 ubi
626 1009 736 1055 delectum
757 1017 840 1073 agere·

161 1076 274 1128 Pacarius,
292 1081 315 1120 et
325 1074 450 1119 incondItos
462 1073 564 1118 homines
573 1071 667 1133 fatigare
678 1073 766 1120 militiae
774 1089 825 1121 mu·

161 1141 251 1188 neribus
267 1138 369 1199 occoepit
385 1137 483 1184 laborem
500 1136 614 1182 insolitum
633 1139 714 1198 perosi,
730 1138 826 1185 infirmi-

161 1213 230 1252 tatem
249 1219 312 1251 suam
330 1203 472 1264 reputabant:
490 1201 586 1248 insulam
602 1215 743 1261 essequam
762 1203 826 1250 inco·

163 1272 241 1325 lerent,
258 1277 282 1316 et
291 1268 360 1329 longe
372 1267 516 1314 Germaniam
530 1265 633 1326 viresque
643 1267 773 1328 legionum:
793 1269 827 1314 rii-¹

164 1345 239 1398 reptos
250 1341 393 1392 vastatosque
400 1331 478 1384 classe,
485 1329 553 1376 etiam
560 1345 618 1396 quos
625 1331 729 1378 cohortes
740 1332 829 1393 alaeque

164 1403 315 1464 protegerent.
349 1395 382 1443 Et
400 1396 473 1442 aversi
490 1401 581 1457 repente
596 1396 678 1441 animi:
698 1411 741 1443 nec
752 1403 829 1444 tamen

166 1464 244 1527 aperti
254 1464 290 1519 vi;
307 1468 383 1523 aptum
401 1468 490 1521 tempus
506 1461 591 1506 insidiis
604 1458 693 1521 legere:
713 1463 828 1523 digressis,

165 1532 203 1591 qui
223 1527 341 1575 Pacarium
358 1524 534 1586 frequentabant,
551 1524 624 1570 nudus
635 1534 658 1571 et
668 1527 744 1571 autulii
755 1528 829 1589 inops,

166 1594 259 1642 balineis
277 1590 425 1646 intmiicitur3
442 1590 545 1636 trucidati
566 1597 590 1636 et
608 1590 708 1636 comites,
742 1589 778 1638 Ca
793 1593 831 1648 ta,

168 1666 194 1708 ut
210 1658 315 1711 bostium,
332 1656 373 1717 ipsi
390 1654 544 1700 interfectores
560 1654 589 1700 ad
606 1653 721 1701 Othonem
740 1658 828 1703 tulere:

168 1738 296 1841 iiiiii
311 1717 834 1847 iiiiiiiiiittiititiiiii

170 1852 299 1915 permixtos.
644 1865 647 1871 ¹
687 1861 690 1871 ·

203 1912 288 1962 XVII.
303 1915 429 1975 Aperuerat
441 1913 490 1974 jam
508 1908 602 1967 Ituliam,
619 1911 745 1973 bellumque
759 1921 834 1961 trans-
905 1947 906 1952 ,

171 1981 268 2035 miserat,
286 1987 311 2025 ut
328 1993 394 2040 supra
410 1978 590 2033 memoravimus,
607 1978 642 2023 ala
656 1978 754 2038 Syllana,
772 1980 835 2027 nullo

171 2045 229 2109 apud
240 2058 374 2105 quemquam
385 2042 483 2089 Othonia
491 2041 582 2098 favore,
599 2056 641 2087 nec
651 2043 703 2102 quia
714 2040 834 2090 Vitellium

173 2111 280 2166 maileut;
298 2109 337 2156 sed
353 2107 422 2169 ionga
431 2120 476 2169 pon
486 2107 515 2152 ud
525 2120 592 2152 omne
603 2107 717 2152 servitium
726 2106 835 2169 fregerat,

173 2176 249 2223 iaciies
260 2173 427 2234 occupantibus,
444 2180 468 2217 et
477 2170 605 2217 melioribus
615 2172 746 2218 incuriosos.
780 2171 837 2219 rto-

174 2239 325 2287 rentisaimum
337 2234 410 2283 Italiae
420 2236 486 2289 latus,
502 2241 609 2295 quantum
623 2236 683 2282 iuter
693 2234 781 2283 Padum
793 2236 838 2283 Ar-

174 2318 259 2366 peaque
270 2314 399 2361 camporum
410 2308 433 2345 et
440 2300 536 2354 urbium,
552 2300 620 2345 armis
631 2293 718 2346 Vitellii
729 2301 839 2364 (namque

176 2361 841 2477 atritiiiiiiirihtw'ifflismz

179 2492 300 2553 Intercepti
311 2444 401 2538 gentum
413 2493 500 2551 equites
509 2506 536 2537 ac
546 2491 607 2537 mille
616 2443 703 2539 ciffum
714 2494 774 2541 iuter
785 2494 840 2543 Pu.

178 2557 276 2604 centiam
283 2555 448 2616 'licinumquer
467 2570 624 2616 quoaucceeau
632 2556 842 2608 maenianorum·

180 2622 280 2683 uoniam
291 2619 383 2668 flumine
394 2627 434 2666 aut
448 2620 502 2681 ripis
517 2621 639 2669 arcebatur·
670 2619 776 2671 lmumt
789 2628 844 2685 quin
