1834 2900
87 119 188 166 J·0·'l⁰·
220 117 471 169 Hls‘roltlsnum
481 117 675 169 LmLCArdo’.
726 118 753 162 ll

90 248 220 297 collocuiit.
244 249 415 313 SedAugustus
423 249 446 297 in
455 250 522 298 domo
530 263 682 298 successorem
692 260 757 308 que·

91 313 161 370 sivit3
179 329 231 376 ego,
247 315 271 360 in
286 314 407 378 republic1i3
425 329 480 372 non,
497 317 548 377 quis
565 315 701 379 propinquos
718 317 757 357 aut

89 379 167 425 socios
181 379 234 425 belli
250 395 294 426 non
303 381 401 428 debeam
409 397 417 439 ;
435 381 475 427 sed
491 395 563 442 neque
576 382 624 443 ipse
637 375 756 440 imperium

91 443 216 490 ambitione
232 446 318 507 accepi:
337 451 360 492 et
374 445 453 508 Judicii
473 446 518 491 mei
535 447 693 492 documentum
710 442 756 488 sint

90 521 140 554 non
152 522 210 553 meae
220 515 306 555 tantum
322 510 506 565 necessitudines,
517 525 573 570 quas
584 510 622 556 tibi
632 506 756 572 postposui,

92 572 133 618 sed
145 578 168 618 et
177 579 245 636 tuse„
262 573 306 621 Eat
315 575 355 622 tibi
365 575 434 621 frater
449 576 497 638 pari
509 575 632 630 nobilitate,
643 580 697 621 nutu
707 585 757 618 mu·

87 637 133 699 jor,
153 637 236 698 dignus
251 639 293 686 huc
311 638 407 694 sonunt,
425 641 469 686 nisi
488 647 513 686 tu
530 639 604 702 potior
620 652 688 684 esses.
719 635 756 683 Ea

90 709 148 748 artas
159 707 204 756 tua,
211 717 262 764 quae
274 704 405 766 cupiditates
413 705 570 751 adolescentiae
576 703 625 766 jam
636 700 756 764 effugerit?
768 717 771 723 ’

89 779 117 812 ea
129 767 216 820 vitain
228 765 272 828 qud
282 767 338 814 nilril
347 769 485 832 praet'eritum
499 769 653 816 excusandum
669 767 757 812 habeus.

91 829 219 877 Fortunam
235 833 307 879 adhuc
321 839 407 880 tuntum
418 834 534 880 aduersum
544 834 632 890 tulisti3
649 829 757 879 aecuudae

90 908 128 942 res
140 896 261 944 acrioribus
273 898 368 944 stimulis
384 899 472 944 animos
487 899 613 959 explorant,
625 898 676 960 quia
687 896 757 942 misc·

88 961 131 1006 riae
141 961 272 1014 tolerantur,
281 961 385 1009 felicitate
393 964 562 1024 corrumpimur.
589 961 676 1016 Fidem,
687 961 766 1008 liber-¹

89 1031 167 1078 tatem,
186 1026 313 1084 amicitiam,
329 1028 442 1090 praecipuo
456 1027 549 1074 humani
564 1027 632 1074 animi
647 1027 713 1081 bona,
729 1032 757 1072 tu

90 1089 183 1150 quidem
199 1088 278 1136 eidem
293 1091 418 1139 constantii
428 1093 546 1139 retinebis:
565 1093 605 1139 sed
615 1092 653 1139 slii
662 1107 703 1154 per
713 1091 755 1137 olr-

90 1155 193 1214 sequium
209 1154 349 1204 imminuent.
383 1153 497 1218 irrumpet
514 1157 617 1211 adulatio,
633 1155 753 1212 utrumme,

89 1219 213 1282 pessimum
224 1221 271 1266 veri
283 1219 376 1268 affectus
386 1233 506 1277 venenum,
518 1236 558 1269 suu
569 1223 649 1283 cuique
664 1221 756 1268 utilitas·

90 1283 154 1345 Ego,¹
165 1299 192 1330 ac
202 1290 233 1340 tu,
245 1285 407 1348 simplicissime
422 1288 483 1334 inter
496 1302 539 1334 nos
549 1287 616 1334 lrodie
624 1287 752 1346 loquimur:

90 1350 168 1394 coeteri
179 1349 283 1396 libentius
294 1365 345 1397 cum
356 1349 447 1399 fortuni
458 1351 542 1407 nostri,
553 1365 619 1414 quam
630 1351 754 1398 nobiscum.

91 1411 154 1460 Num
171 1413 263 1462 suadere
279 1416 379 1481 principi,
391 1417 451 1479 quod
462 1423 569 1480 oporteat,
580 1416 646 1464 multi
656 1416 753 1464 laboris:

90 1480 214 1554 assenputio'
228 1484 283 1543 erga
297 1481 419 1545 principem
436 1497 599 1547 quemcumque
614 1482 664 1530 sine
674 1480 757 1529 affectu

119 1550 212 1605 regitur.

122 1606 198 1655 xvu
211 1606 309 1658 “Etiam
321 1611 485 1661 siimmensum
496 1612 582 1675 impeni
597 1626 679 1675 corpus
696 1616 757 1657 stare

90 1688 116 1719 uc
127 1672 202 1721 libmrl
213 1676 262 1723 sine
268 1676 357 1724 rectore
362 1686 446 1739 posset,
457 1678 616 1741 dignuserum,
624 1691 690 1739 aquo
697 1688 757 1737 respa

89 1738 213 1800 inciperet:
232 1754 293 1787 nunc
307 1744 335 1789 eo
350 1744 490 1791 necessitatis
500 1744 549 1805 jam
564 1742 651 1804 pridem
661 1747 757 1788 ventum

90 1808 133 1856 0⁸¹2
144 1808 170 1855 lrt
181 1810 223 1852 uec
236 1817 287 1853 meu
302 1814 406 1855 senectus
419 1807 523 1855 conferre
532 1806 583 1871 pius
593 1806 676 1871 populo
687 1805 758 1853 Rom

89 1866 167 1930 possit,
184 1870 251 1930 quutrl
267 1870 351 1919 bouum
366 1885 527 1932 successorem,
544 1886 586 1920 nec
601 1879 641 1921 tua
654 1873 705 1935 plus
716 1872 758 1934 ju·

89 1937 166 1987 sensa,
177 1947 244 1995 quum
254 1936 338 1984 bunum
349 1939 479 2001 principem.
507 1938 556 1986 snt
564 1936 656 1986 'liberio
666 1944 690 1985 et
698 1934 757 1985 cdo

89 2002 114 2044 et
130 1995 233 2056 Claudio,
250 2000 316 2049 unius
334 2000 424 2051 fumiliae
443 2003 507 2065 quasi
524 2002 644 2051 haereditus
655 2001 755 2047 luimusr
786 2033 793 2045 .

88 2061 140 2109 roeo
155 2062 264 2113 trunam
280 2066 329 2124 eus,
340 2068 401 2129 quos
417 2069 471 2131 eugr
488 2068 605 2131 cepimus
636 2064 676 2121 Et,
692 2061 757 2111 finiti

71 2124 202 2175 ..loliorum
219 2128 409 2196 Claudiorumque
424 2134 500 2190 domo,
516 2132 626 2196 optimum
645 2142 758 2193 quemque

89 2191 180 2255 adoptio
195 2194 309 2244 inveniet:
328 2213 380 2245 num
396 2196 500 2263 generari
514 2204 538 2245 et
551 2196 613 2245 nasci
624 2212 638 2244 a
648 2195 755 2261 principi·

88 2256 136 2312 bus,
148 2256 272 2317 fortuitum,
284 2276 326 2309 nec
337 2262 396 2311 ultra
407 2265 546 2311 aestimatur:
565 2259 684 2325 adoptmdi
690 2260 755 2324 judi·

88 2320 148 2369 dum
165 2323 293 2387 integrum
311 2334 340 2384 et,
353 2328 372 2375 si
386 2330 444 2377 velis
458 2329 549 2392 eligere,
560 2340 673 2375 consensu
688 2334 757 2372 mort·

89 2390 179 2436 strutus.
213 2388 249 2437 Sit
263 2394 315 2439 ante
329 2392 407 2441 oculos
421 2392 494 2449 Nero,
506 2404 580 2455 quem,
592 2389 665 2455 longi
675 2386 756 2439 eerr-

89 2463 138 2499 rum
154 2453 213 2501 seris
225 2462 359 2514 tumentem,
372 2468 419 2506 non
429 2456 524 2506 Vindex
539 2472 591 2505 cum
606 2455 687 2503 inermi
703 2459 757 2515 pro·

87 2516 169 2574 urere,
181 2524 221 2567 aut
232 2534 278 2586 ego
288 2522 339 2569 'cum
351 2522 396 2570 und
405 2522 504 2585 legione,
516 2523 557 2569 aed
571 2536 612 2567 aus
620 2518 757 2569 immanitas,

89 2583 236 2640 ,urrunnu
249 2581 608 2649 eemumsputuusuepucre:
627 2582 761 2639 recusent

89 2641 161 2696 estus
172 2648 272 2699 ummo
282 2652 390 2714 principis
400 2650 537 2713 exemplum
568 2643 622 2694 Nos
631 2642 694 2691 bellu
703 2635 764 2685 etati
