<?xml version="1.0" encoding="UTF-8"?>
<!DOCTYPE html PUBLIC "-//W3C//DTD XHTML 1.0 Transitional//EN"
    "http://www.w3.org/TR/xhtml1/DTD/xhtml1-transitional.dtd">
<html xmlns="http://www.w3.org/1999/xhtml" xml:lang="en" lang="en">
 <head>
  <title>
</title>
<meta http-equiv="Content-Type" content="text/html;charset=utf-8" />
  <meta name='ocr-system' content='tesseract 3.04.00' />
  <meta name='ocr-capabilities' content='ocr_page ocr_carea ocr_par ocr_line ocrx_word'/>
</head>
<body>
  <div class='ocr_page' id='page_1' title='image "./opera02obergoog_0185.png"; bbox 0 0 1834 2900; ppageno 0'>
   <div class='ocr_carea' id='block_1_1' title="bbox 110 96 775 157">
    <p class='ocr_par' dir='ltr' id='par_1_1' title="bbox 110 96 775 177">
     <span class='ocr_line' id='line_1_1' title="bbox 110 96 775 157; baseline 0.012 -16"><span class='ocrx_word' id='word_1_1' title='bbox 110 100 203 147; x_wconf 78' lang='lat' dir='ltr'><strong>J.G·&#39;il.</strong></span> <span class='ocrx_word' id='word_1_2' title='bbox 227 96 475 147; x_wconf 78' lang='lat' dir='ltr'><strong>HISTORIARUM</strong></span> <span class='ocrx_word' id='word_1_3' title='bbox 482 100 704 157; x_wconf 59' lang='lat' dir='ltr'><strong>Lamenta&amp;</strong></span> <span class='ocrx_word' id='word_1_4' title='bbox 729 105 775 149; x_wconf 79' lang='lat'><strong>177</strong></span> 
     </span>
    </p>
   </div>
   <div class='ocr_carea' id='block_1_2' title="bbox 110 226 784 2676">
    <p class='ocr_par' dir='ltr' id='par_1_2' title="bbox 110 226 776 1128">
     <span class='ocr_line' id='line_1_2' title="bbox 111 226 774 291; baseline 0.008 -18"><span class='ocrx_word' id='word_1_5' title='bbox 111 226 191 275; x_wconf 84' lang='lat' dir='ltr'><strong>Patres</strong></span> <span class='ocrx_word' id='word_1_6' title='bbox 206 236 326 289; x_wconf 87' lang='lat' dir='ltr'><strong>coeptatam</strong></span> <span class='ocrx_word' id='word_1_7' title='bbox 336 229 468 282; x_wconf 84' lang='lat' dir='ltr'><strong>libertatem,</strong></span> <span class='ocrx_word' id='word_1_8' title='bbox 483 235 600 291; x_wconf 78' lang='lat' dir='ltr'><strong>postqum</strong></span> <span class='ocrx_word' id='word_1_9' title='bbox 611 232 698 277; x_wconf 74' lang='lat' dir='ltr'><strong>obviarn</strong></span> <span class='ocrx_word' id='word_1_10' title='bbox 709 232 774 287; x_wconf 87' lang='lat' dir='ltr'><strong>itum,</strong></span> 
     </span>
     <span class='ocr_line' id='line_1_3' title="bbox 110 290 773 355; baseline 0.008 -17"><span class='ocrx_word' id='word_1_11' title='bbox 110 290 214 339; x_wconf 61' lang='lat' dir='ltr'><strong>omisire.</strong></span> <span class='ocrx_word' id='word_1_12' title='bbox 246 292 373 348; x_wconf 58' lang='lat' dir='ltr'><strong>Mucianus</strong></span> <span class='ocrx_word' id='word_1_13' title='bbox 391 308 420 339; x_wconf 84' lang='lat' dir='ltr'><strong>ne</strong></span> <span class='ocrx_word' id='word_1_14' title='bbox 434 293 508 353; x_wconf 85' lang='lat' dir='ltr'><strong>sperni</strong></span> <span class='ocrx_word' id='word_1_15' title='bbox 520 294 609 341; x_wconf 83' lang='lat' dir='ltr'><strong>senatbs</strong></span> <span class='ocrx_word' id='word_1_16' title='bbox 615 296 732 355; x_wconf 84' lang='lat' dir='ltr'><strong>judicium,</strong></span> <span class='ocrx_word' id='word_1_17' title='bbox 748 303 773 343; x_wconf 74' lang='lat' dir='ltr'><strong>et</strong></span> 
     </span>
     <span class='ocr_line' id='line_1_4' title="bbox 110 356 773 419; baseline 0.009 -17"><span class='ocrx_word' id='word_1_18' title='bbox 110 358 198 403; x_wconf 85' lang='lat' dir='ltr'><strong>cunctis</strong></span> <span class='ocrx_word' id='word_1_19' title='bbox 205 357 247 403; x_wconf 90' lang='lat' dir='ltr'><strong>sub</strong></span> <span class='ocrx_word' id='word_1_20' title='bbox 258 356 351 404; x_wconf 84' lang='lat' dir='ltr'>Nerone</span> <span class='ocrx_word' id='word_1_21' title='bbox 361 357 464 403; x_wconf 84' lang='lat' dir='ltr'><strong>admissis</strong></span> <span class='ocrx_word' id='word_1_22' title='bbox 470 357 522 403; x_wconf 83' lang='lat' dir='ltr'><strong>data</strong></span> <span class='ocrx_word' id='word_1_23' title='bbox 528 358 648 419; x_wconf 68' lang='lat' dir='ltr'><strong>impunita</strong></span> <span class='ocrx_word' id='word_1_24' title='bbox 653 360 773 417; x_wconf 61' lang='lat' dir='ltr'><strong>videraut,</strong></span> 
     </span>
     <span class='ocr_line' id='line_1_5' title="bbox 111 420 773 483; baseline 0.008 -16"><span class='ocrx_word' id='word_1_25' title='bbox 111 420 233 468; x_wconf 86' lang='lat' dir='ltr'><strong>Octavium</strong></span> <span class='ocrx_word' id='word_1_26' title='bbox 242 421 350 483; x_wconf 86' lang='lat' dir='ltr'><strong>Sagittam</strong></span> <span class='ocrx_word' id='word_1_27' title='bbox 359 429 382 469; x_wconf 88' lang='lat' dir='ltr'><strong>et</strong></span> <span class='ocrx_word' id='word_1_28' title='bbox 393 422 518 469; x_wconf 88' lang='lat' dir='ltr'><strong>Antistium</strong></span> <span class='ocrx_word' id='word_1_29' title='bbox 529 421 655 477; x_wconf 61' lang='lat' dir='ltr'><strong>Souanum,</strong></span> <span class='ocrx_word' id='word_1_30' title='bbox 667 424 773 471; x_wconf 83' lang='lat' dir='ltr'><strong>senatorii</strong></span> 
     </span>
     <span class='ocr_line' id='line_1_6' title="bbox 111 485 773 551; baseline 0.006 -20"><span class='ocrx_word' id='word_1_31' title='bbox 111 485 203 540; x_wconf 77' lang='lat' dir='ltr'><strong>ordinis,</strong></span> <span class='ocrx_word' id='word_1_32' title='bbox 217 501 319 548; x_wconf 86' lang='lat' dir='ltr'><strong>egressos</strong></span> <span class='ocrx_word' id='word_1_33' title='bbox 330 485 441 539; x_wconf 68' lang='lat' dir='ltr'><strong>exsilium,</strong></span> <span class='ocrx_word' id='word_1_34' title='bbox 452 486 476 532; x_wconf 91' lang='lat' dir='ltr'><strong>in</strong></span> <span class='ocrx_word' id='word_1_35' title='bbox 487 487 576 536; x_wconf 78' lang='lat' dir='ltr'><strong>eusdem</strong></span> <span class='ocrx_word' id='word_1_36' title='bbox 587 487 670 534; x_wconf 86' lang='lat' dir='ltr'><strong>insulas</strong></span> <span class='ocrx_word' id='word_1_37' title='bbox 681 490 773 551; x_wconf 71' lang='lat' dir='ltr'><strong>redegit.</strong></span> 
     </span>
     <span class='ocr_line' id='line_1_7' title="bbox 112 548 773 613; baseline 0.005 -17"><span class='ocrx_word' id='word_1_38' title='bbox 112 548 222 597; x_wconf 85' lang='lat' dir='ltr'><strong>Octavius</strong></span> <span class='ocrx_word' id='word_1_39' title='bbox 239 550 343 599; x_wconf 76' lang='lat' dir='ltr'><strong>Pontiam</strong></span> <span class='ocrx_word' id='word_1_40' title='bbox 363 549 508 605; x_wconf 83' lang='lat' dir='ltr'><strong>Postumiam,</strong></span> <span class='ocrx_word' id='word_1_41' title='bbox 525 558 603 613; x_wconf 89' lang='lat' dir='ltr'><strong>stupro</strong></span> <span class='ocrx_word' id='word_1_42' title='bbox 613 553 732 613; x_wconf 85' lang='lat' dir='ltr'><strong>cognitam,</strong></span> <span class='ocrx_word' id='word_1_43' title='bbox 749 560 773 599; x_wconf 88' lang='lat' dir='ltr'><strong>et</strong></span> 
     </span>
     <span class='ocr_line' id='line_1_8' title="bbox 112 615 773 676; baseline 0.005 -15"><span class='ocrx_word' id='word_1_44' title='bbox 112 615 201 675; x_wconf 78' lang='lat' dir='ltr'>nuptias</span> <span class='ocrx_word' id='word_1_45' title='bbox 215 630 266 665; x_wconf 82' lang='lat' dir='ltr'><strong>suas</strong></span> <span class='ocrx_word' id='word_1_46' title='bbox 276 616 417 669; x_wconf 82' lang='lat' dir='ltr'><strong>abnuentem,</strong></span> <span class='ocrx_word' id='word_1_47' title='bbox 434 616 545 676; x_wconf 85' lang='lat' dir='ltr'><strong>impotens</strong></span> <span class='ocrx_word' id='word_1_48' title='bbox 559 616 641 662; x_wconf 88' lang='lat' dir='ltr'><strong>amoris</strong></span> <span class='ocrx_word' id='word_1_49' title='bbox 656 616 773 664; x_wconf 82' lang='lat' dir='ltr'><strong>interfece-</strong></span> 
     </span>
     <span class='ocr_line' id='line_1_9' title="bbox 111 679 774 742; baseline 0.006 -19"><span class='ocrx_word' id='word_1_50' title='bbox 111 686 160 735; x_wconf 68' lang='grc' dir='ltr'><strong>ταῖς</strong></span> <span class='ocrx_word' id='word_1_51' title='bbox 172 679 279 727; x_wconf 66' lang='lat' dir='ltr'><strong>&amp;nanus</strong></span> <span class='ocrx_word' id='word_1_52' title='bbox 285 681 397 742; x_wconf 85' lang='lat' dir='ltr'><strong>pravitate</strong></span> <span class='ocrx_word' id='word_1_53' title='bbox 403 694 491 727; x_wconf 88' lang='lat' dir='ltr'><strong>morum</strong></span> <span class='ocrx_word' id='word_1_54' title='bbox 500 679 576 726; x_wconf 86' lang='lat' dir='ltr'><strong>multis</strong></span> <span class='ocrx_word' id='word_1_55' title='bbox 584 680 699 727; x_wconf 84' lang='lat' dir='ltr'><strong>exitiosus.</strong></span> <span class='ocrx_word' id='word_1_56' title='bbox 714 680 774 726; x_wconf 83' lang='lat' dir='ltr'><strong>Anu·</strong></span> 
     </span>
     <span class='ocr_line' id='line_1_10' title="bbox 110 743 775 806; baseline 0.006 -17"><span class='ocrx_word' id='word_1_57' title='bbox 110 743 140 789; x_wconf 91' lang='lat' dir='ltr'><strong>bo</strong></span> <span class='ocrx_word' id='word_1_58' title='bbox 150 744 214 805; x_wconf 80' lang='lat' dir='ltr'><strong>gravi</strong></span> <span class='ocrx_word' id='word_1_59' title='bbox 225 744 432 791; x_wconf 74' lang='lat' dir='ltr'><strong>senatus-consulto</strong></span> <span class='ocrx_word' id='word_1_60' title='bbox 442 744 540 790; x_wconf 84' lang='lat' dir='ltr'><strong>damnati</strong></span> <span class='ocrx_word' id='word_1_61' title='bbox 549 744 658 806; x_wconf 81' lang='lat' dir='ltr'><strong>prsisique,</strong></span> <span class='ocrx_word' id='word_1_62' title='bbox 674 746 775 805; x_wconf 80' lang='lat' dir='ltr'><strong>quamvis</strong></span> 
     </span>
     <span class='ocr_line' id='line_1_11' title="bbox 111 806 776 870; baseline 0 -15"><span class='ocrx_word' id='word_1_63' title='bbox 111 823 220 855; x_wconf 79' lang='lat' dir='ltr'><strong>concesse</strong></span> <span class='ocrx_word' id='word_1_64' title='bbox 239 809 287 856; x_wconf 89' lang='lat' dir='ltr'><strong>aliis</strong></span> <span class='ocrx_word' id='word_1_65' title='bbox 306 810 384 864; x_wconf 83' lang='lat' dir='ltr'><strong>reditu,</strong></span> <span class='ocrx_word' id='word_1_66' title='bbox 400 809 424 854; x_wconf 88' lang='lat' dir='ltr'><strong>in</strong></span> <span class='ocrx_word' id='word_1_67' title='bbox 442 806 519 853; x_wconf 73' lang='lat' dir='ltr'><strong>eidem</strong></span> <span class='ocrx_word' id='word_1_68' title='bbox 536 807 605 870; x_wconf 78' lang='lat' dir='ltr'><strong>poenb</strong></span> <span class='ocrx_word' id='word_1_69' title='bbox 619 810 699 855; x_wconf 87' lang='lat' dir='ltr'><strong>retenti</strong></span> <span class='ocrx_word' id='word_1_70' title='bbox 715 816 776 856; x_wconf 85' lang='lat' dir='ltr'><strong>sunt.</strong></span> 
     </span>
     <span class='ocr_line' id='line_1_12' title="bbox 113 871 775 936; baseline 0.003 -17"><span class='ocrx_word' id='word_1_71' title='bbox 113 871 165 919; x_wconf 88' lang='lat' dir='ltr'><strong>Nec</strong></span> <span class='ocrx_word' id='word_1_72' title='bbox 184 873 235 921; x_wconf 83' lang='lat' dir='ltr'><strong>ideo</strong></span> <span class='ocrx_word' id='word_1_73' title='bbox 253 874 322 921; x_wconf 85' lang='lat' dir='ltr'><strong>lenita</strong></span> <span class='ocrx_word' id='word_1_74' title='bbox 340 888 394 935; x_wconf 87' lang='lat' dir='ltr'><strong>erga</strong></span> <span class='ocrx_word' id='word_1_75' title='bbox 412 872 545 920; x_wconf 87' lang='lat' dir='ltr'><strong>Mucianum</strong></span> <span class='ocrx_word' id='word_1_76' title='bbox 562 872 651 921; x_wconf 83' lang='lat' dir='ltr'><strong>invidia.</strong></span> <span class='ocrx_word' id='word_1_77' title='bbox 685 873 775 936; x_wconf 80' lang='lat' dir='ltr'><strong>Quippe</strong></span> 
     </span>
     <span class='ocr_line' id='line_1_13' title="bbox 113 936 772 1000; baseline 0.003 -17"><span class='ocrx_word' id='word_1_78' title='bbox 113 936 223 985; x_wconf 77' lang='lat' dir='ltr'>Sosianus</span> <span class='ocrx_word' id='word_1_79' title='bbox 241 952 268 983; x_wconf 85' lang='lat' dir='ltr'><strong>ac</strong></span> <span class='ocrx_word' id='word_1_80' title='bbox 287 938 375 1000; x_wconf 85' lang='lat' dir='ltr'><strong>Sagitta</strong></span> <span class='ocrx_word' id='word_1_81' title='bbox 393 936 455 990; x_wconf 80' lang='lat' dir='ltr'><strong>viles,</strong></span> <span class='ocrx_word' id='word_1_82' title='bbox 472 937 539 984; x_wconf 83' lang='lat' dir='ltr'><strong>ctiam</strong></span> <span class='ocrx_word' id='word_1_83' title='bbox 558 938 577 983; x_wconf 90' lang='lat' dir='ltr'><strong>si</strong></span> <span class='ocrx_word' id='word_1_84' title='bbox 592 945 772 985; x_wconf 78' lang='lat' dir='ltr'><strong>reverterentur:</strong></span> 
     </span>
     <span class='ocr_line' id='line_1_14' title="bbox 112 1002 775 1065; baseline 0.005 -18"><span class='ocrx_word' id='word_1_85' title='bbox 112 1009 270 1055; x_wconf 70' lang='lat' dir='ltr'><strong>accusatorum</strong></span> <span class='ocrx_word' id='word_1_86' title='bbox 279 1003 370 1065; x_wconf 80' lang='lat' dir='ltr'><strong>ingenia</strong></span> <span class='ocrx_word' id='word_1_87' title='bbox 380 1009 403 1048; x_wconf 89' lang='lat' dir='ltr'><strong>et</strong></span> <span class='ocrx_word' id='word_1_88' title='bbox 413 1015 473 1063; x_wconf 88' lang='lat' dir='ltr'><strong>opes,</strong></span> <span class='ocrx_word' id='word_1_89' title='bbox 480 1002 607 1049; x_wconf 83' lang='lat' dir='ltr'><strong>etexercita</strong></span> <span class='ocrx_word' id='word_1_90' title='bbox 617 1002 681 1051; x_wconf 84' lang='lat' dir='ltr'><strong>malis</strong></span> <span class='ocrx_word' id='word_1_91' title='bbox 691 1003 775 1050; x_wconf 85' lang='lat' dir='ltr'><strong>artibus</strong></span> 
     </span>
     <span class='ocr_line' id='line_1_15' title="bbox 111 1066 372 1128; baseline 0 -15"><span class='ocrx_word' id='word_1_92' title='bbox 111 1066 221 1128; x_wconf 87' lang='lat' dir='ltr'><strong>potentia,</strong></span> <span class='ocrx_word' id='word_1_93' title='bbox 233 1067 372 1114; x_wconf 90' lang='lat' dir='ltr'><strong>timebantur.</strong></span> 
     </span>
    </p>

    <p class='ocr_par' dir='ltr' id='par_1_3' title="bbox 111 1129 780 1952">
     <span class='ocr_line' id='line_1_16' title="bbox 148 1129 773 1195; baseline 0.01 -20"><span class='ocrx_word' id='word_1_94' title='bbox 148 1129 226 1177; x_wconf 84' lang='lat' dir='ltr'><strong>XLV.</strong></span> <span class='ocrx_word' id='word_1_95' title='bbox 241 1130 405 1179; x_wconf 79' lang='lat' dir='ltr'><strong>Reconciiiavit</strong></span> <span class='ocrx_word' id='word_1_96' title='bbox 421 1131 531 1193; x_wconf 71' lang='lat' dir='ltr'>paulisper</span> <span class='ocrx_word' id='word_1_97' title='bbox 547 1134 619 1180; x_wconf 86' lang='lat' dir='ltr'><strong>studia</strong></span> <span class='ocrx_word' id='word_1_98' title='bbox 635 1141 722 1195; x_wconf 88' lang='lat' dir='ltr'><strong>patrum</strong></span> <span class='ocrx_word' id='word_1_99' title='bbox 734 1135 773 1181; x_wconf 86' lang='lat' dir='ltr'><strong>hs·</strong></span> 
     </span>
     <span class='ocr_line' id='line_1_17' title="bbox 112 1194 776 1259; baseline 0.008 -18"><span class='ocrx_word' id='word_1_100' title='bbox 112 1194 161 1241; x_wconf 86' lang='lat' dir='ltr'><strong>bita</strong></span> <span class='ocrx_word' id='word_1_101' title='bbox 177 1195 201 1241; x_wconf 88' lang='lat' dir='ltr'><strong>in</strong></span> <span class='ocrx_word' id='word_1_102' title='bbox 216 1204 295 1243; x_wconf 85' lang='lat' dir='ltr'><strong>senatu</strong></span> <span class='ocrx_word' id='word_1_103' title='bbox 312 1196 413 1259; x_wconf 78' lang='lat' dir='ltr'><strong>cognitio</strong></span> <span class='ocrx_word' id='word_1_104' title='bbox 429 1197 551 1244; x_wconf 85' lang='lat' dir='ltr'><strong>secundum</strong></span> <span class='ocrx_word' id='word_1_105' title='bbox 568 1206 666 1244; x_wconf 75' lang='lat' dir='ltr'><strong>vetmem</strong></span> <span class='ocrx_word' id='word_1_106' title='bbox 681 1213 776 1246; x_wconf 83' lang='lat' dir='ltr'><strong>morem·</strong></span> 
     </span>
     <span class='ocr_line' id='line_1_18' title="bbox 114 1259 777 1322; baseline 0.003 -15"><span class='ocrx_word' id='word_1_107' title='bbox 114 1259 216 1307; x_wconf 80' lang='lat' dir='ltr'><strong>Manlius</strong></span> <span class='ocrx_word' id='word_1_108' title='bbox 228 1260 349 1315; x_wconf 89' lang='lat' dir='ltr'><strong>Patruitus,</strong></span> <span class='ocrx_word' id='word_1_109' title='bbox 366 1269 463 1317; x_wconf 83' lang='lat' dir='ltr'><strong>senator,</strong></span> <span class='ocrx_word' id='word_1_110' title='bbox 479 1262 590 1322; x_wconf 79' lang='lat' dir='ltr'><strong>pulsatum</strong></span> <span class='ocrx_word' id='word_1_111' title='bbox 608 1277 633 1307; x_wconf 88' lang='lat' dir='ltr'><strong>se</strong></span> <span class='ocrx_word' id='word_1_112' title='bbox 649 1265 673 1307; x_wconf 90' lang='lat' dir='ltr'><strong>in</strong></span> <span class='ocrx_word' id='word_1_113' title='bbox 687 1260 777 1309; x_wconf 68' lang='lat' dir='ltr'><strong>colobii</strong></span> 
     </span>
     <span class='ocr_line' id='line_1_19' title="bbox 114 1325 775 1387; baseline 0 -15"><span class='ocrx_word' id='word_1_114' title='bbox 114 1325 209 1372; x_wconf 78' lang='lat' dir='ltr'>Senensi</span> <span class='ocrx_word' id='word_1_115' title='bbox 227 1334 289 1373; x_wconf 85' lang='lat' dir='ltr'><strong>coetu</strong></span> <span class='ocrx_word' id='word_1_116' title='bbox 307 1325 455 1373; x_wconf 75' lang='lat' dir='ltr'><strong>multitudinis</strong></span> <span class='ocrx_word' id='word_1_117' title='bbox 474 1333 498 1371; x_wconf 87' lang='lat' dir='ltr'><strong>et</strong></span> <span class='ocrx_word' id='word_1_118' title='bbox 511 1327 577 1385; x_wconf 86' lang='lat' dir='ltr'><strong>jussu</strong></span> <span class='ocrx_word' id='word_1_119' title='bbox 598 1327 775 1387; x_wconf 70' lang='lat' dir='ltr'><strong>magistratuum,</strong></span> 
     </span>
     <span class='ocr_line' id='line_1_20' title="bbox 111 1386 777 1453; baseline 0.002 -17"><span class='ocrx_word' id='word_1_120' title='bbox 111 1390 259 1450; x_wconf 80' lang='lat' dir='ltr'><strong>querebatur:</strong></span> <span class='ocrx_word' id='word_1_121' title='bbox 273 1405 315 1437; x_wconf 86' lang='lat' dir='ltr'><strong>nec</strong></span> <span class='ocrx_word' id='word_1_122' title='bbox 326 1389 394 1436; x_wconf 84' lang='lat' dir='ltr'><strong>finem</strong></span> <span class='ocrx_word' id='word_1_123' title='bbox 405 1390 493 1453; x_wconf 81' lang='lat' dir='ltr'><strong>injuriae</strong></span> <span class='ocrx_word' id='word_1_124' title='bbox 504 1386 540 1435; x_wconf 89' lang='lat' dir='ltr'><strong>bic</strong></span> <span class='ocrx_word' id='word_1_125' title='bbox 548 1390 649 1438; x_wconf 80' lang='lat' dir='ltr'><strong>stetisse:</strong></span> <span class='ocrx_word' id='word_1_126' title='bbox 663 1390 777 1452; x_wconf 86' lang='lat' dir='ltr'><strong>planctum</strong></span> 
     </span>
     <span class='ocr_line' id='line_1_21' title="bbox 113 1455 778 1518; baseline 0 -16"><span class='ocrx_word' id='word_1_127' title='bbox 113 1462 138 1502; x_wconf 88' lang='lat' dir='ltr'><strong>et</strong></span> <span class='ocrx_word' id='word_1_128' title='bbox 155 1455 253 1502; x_wconf 85' lang='lat' dir='ltr'><strong>lamenta</strong></span> <span class='ocrx_word' id='word_1_129' title='bbox 270 1463 293 1502; x_wconf 89' lang='lat' dir='ltr'><strong>et</strong></span> <span class='ocrx_word' id='word_1_130' title='bbox 309 1469 462 1516; x_wconf 86' lang='lat' dir='ltr'><strong>supremorum</strong></span> <span class='ocrx_word' id='word_1_131' title='bbox 477 1456 599 1518; x_wconf 77' lang='lat' dir='ltr'><strong>imaginem</strong></span> <span class='ocrx_word' id='word_1_132' title='bbox 614 1457 719 1517; x_wconf 82' lang='lat' dir='ltr'><strong>praesenti</strong></span> <span class='ocrx_word' id='word_1_133' title='bbox 736 1455 778 1502; x_wconf 86' lang='lat' dir='ltr'><strong>sibi</strong></span> 
     </span>
     <span class='ocr_line' id='line_1_22' title="bbox 115 1519 775 1581; baseline 0.006 -17"><span class='ocrx_word' id='word_1_134' title='bbox 115 1519 254 1565; x_wconf 86' lang='lat' dir='ltr'><strong>circumdata</strong></span> <span class='ocrx_word' id='word_1_135' title='bbox 264 1534 315 1565; x_wconf 89' lang='lat' dir='ltr'><strong>curn</strong></span> <span class='ocrx_word' id='word_1_136' title='bbox 326 1520 466 1568; x_wconf 88' lang='lat' dir='ltr'><strong>contumeliis</strong></span> <span class='ocrx_word' id='word_1_137' title='bbox 475 1527 499 1565; x_wconf 88' lang='lat' dir='ltr'><strong>et</strong></span> <span class='ocrx_word' id='word_1_138' title='bbox 509 1520 601 1581; x_wconf 82' lang='lat' dir='ltr'><strong>probris,</strong></span> <span class='ocrx_word' id='word_1_139' title='bbox 616 1535 668 1580; x_wconf 78' lang='lat' dir='ltr'><strong>quae</strong></span> <span class='ocrx_word' id='word_1_140' title='bbox 677 1522 701 1567; x_wconf 88' lang='lat' dir='ltr'><strong>iu</strong></span> <span class='ocrx_word' id='word_1_141' title='bbox 709 1535 775 1568; x_wconf 83' lang='lat' dir='ltr'><strong>seua·</strong></span> 
     </span>
     <span class='ocr_line' id='line_1_23' title="bbox 115 1582 777 1645; baseline 0.003 -15"><span class='ocrx_word' id='word_1_142' title='bbox 115 1590 165 1630; x_wconf 89' lang='lat' dir='ltr'><strong>tum</strong></span> <span class='ocrx_word' id='word_1_143' title='bbox 177 1583 305 1630; x_wconf 85' lang='lat' dir='ltr'><strong>universum</strong></span> <span class='ocrx_word' id='word_1_144' title='bbox 311 1585 447 1645; x_wconf 81' lang='lat' dir='ltr'><strong>jacerentur.</strong></span> <span class='ocrx_word' id='word_1_145' title='bbox 464 1582 553 1638; x_wconf 85' lang='lat' dir='ltr'><strong>Vocati,</strong></span> <span class='ocrx_word' id='word_1_146' title='bbox 564 1585 602 1644; x_wconf 90' lang='lat' dir='ltr'><strong>qui</strong></span> <span class='ocrx_word' id='word_1_147' title='bbox 613 1586 777 1645; x_wconf 81' lang='lat' dir='ltr'><strong>arguebantur3</strong></span> 
     </span>
     <span class='ocr_line' id='line_1_24' title="bbox 113 1646 778 1708; baseline 0 -14"><span class='ocrx_word' id='word_1_148' title='bbox 113 1655 146 1702; x_wconf 87' lang='lat' dir='ltr'><strong>et,</strong></span> <span class='ocrx_word' id='word_1_149' title='bbox 163 1647 254 1708; x_wconf 75' lang='lat' dir='ltr'><strong>cogniti</strong></span> <span class='ocrx_word' id='word_1_150' title='bbox 270 1646 343 1704; x_wconf 67' lang='lat' dir='ltr'><strong>musi,</strong></span> <span class='ocrx_word' id='word_1_151' title='bbox 359 1649 382 1696; x_wconf 91' lang='lat' dir='ltr'><strong>in</strong></span> <span class='ocrx_word' id='word_1_152' title='bbox 398 1648 515 1696; x_wconf 60' lang='lat' dir='ltr'><strong>confictos</strong></span> <span class='ocrx_word' id='word_1_153' title='bbox 529 1648 673 1695; x_wconf 83' lang='lat' dir='ltr'><strong>vindicatum.</strong></span> <span class='ocrx_word' id='word_1_154' title='bbox 705 1648 778 1694; x_wconf 82' lang='lat' dir='ltr'><strong>Addi-</strong></span> 
     </span>
     <span class='ocr_line' id='line_1_25' title="bbox 113 1711 778 1774; baseline 0 -14"><span class='ocrx_word' id='word_1_155' title='bbox 113 1721 208 1774; x_wconf 84' lang='lat' dir='ltr'><strong>tamque</strong></span> <span class='ocrx_word' id='word_1_156' title='bbox 226 1711 286 1761; x_wconf 87' lang='lat' dir='ltr'><strong>S.C.</strong></span> <span class='ocrx_word' id='word_1_157' title='bbox 302 1728 347 1774; x_wconf 88' lang='lat' dir='ltr'><strong>quo</strong></span> <span class='ocrx_word' id='word_1_158' title='bbox 366 1713 499 1760; x_wconf 87' lang='lat' dir='ltr'><strong>Senensium</strong></span> <span class='ocrx_word' id='word_1_159' title='bbox 517 1712 593 1773; x_wconf 88' lang='lat' dir='ltr'><strong>plebes</strong></span> <span class='ocrx_word' id='word_1_160' title='bbox 609 1712 726 1758; x_wconf 75' lang='lat' dir='ltr'><strong>modestiae</strong></span> <span class='ocrx_word' id='word_1_161' title='bbox 738 1713 778 1760; x_wconf 78' lang='lat' dir='ltr'><strong>sd·</strong></span> 
     </span>
     <span class='ocr_line' id='line_1_26' title="bbox 114 1774 778 1839; baseline 0.005 -17"><span class='ocrx_word' id='word_1_162' title='bbox 114 1784 250 1824; x_wconf 87' lang='lat' dir='ltr'><strong>moneretur.</strong></span> <span class='ocrx_word' id='word_1_163' title='bbox 282 1776 366 1824; x_wconf 86' lang='lat' dir='ltr'><strong>Iisdem</strong></span> <span class='ocrx_word' id='word_1_164' title='bbox 377 1778 454 1824; x_wconf 86' lang='lat' dir='ltr'><strong>diebus</strong></span> <span class='ocrx_word' id='word_1_165' title='bbox 465 1777 580 1833; x_wconf 81' lang='lat' dir='ltr'><strong>Antonius</strong></span> <span class='ocrx_word' id='word_1_166' title='bbox 590 1774 693 1824; x_wconf 85' lang='lat' dir='ltr'><strong>Flamma</strong></span> <span class='ocrx_word' id='word_1_167' title='bbox 705 1774 778 1839; x_wconf 76' lang='lat' dir='ltr'><strong>Cyre-</strong></span> 
     </span>
     <span class='ocr_line' id='line_1_27' title="bbox 115 1841 780 1904; baseline 0.003 -16"><span class='ocrx_word' id='word_1_168' title='bbox 115 1842 222 1888; x_wconf 83' lang='lat' dir='ltr'><strong>nensibus</strong></span> <span class='ocrx_word' id='word_1_169' title='bbox 236 1843 352 1890; x_wconf 84' lang='lat' dir='ltr'><strong>damnatur</strong></span> <span class='ocrx_word' id='word_1_170' title='bbox 366 1842 417 1904; x_wconf 89' lang='lat' dir='ltr'><strong>lege</strong></span> <span class='ocrx_word' id='word_1_171' title='bbox 433 1841 611 1904; x_wconf 83' lang='lat' dir='ltr'><strong>repetundarum,</strong></span> <span class='ocrx_word' id='word_1_172' title='bbox 627 1848 650 1888; x_wconf 90' lang='lat' dir='ltr'><strong>et</strong></span> <span class='ocrx_word' id='word_1_173' title='bbox 661 1842 739 1890; x_wconf 83' lang='lat' dir='ltr'><strong>exsilio</strong></span> <span class='ocrx_word' id='word_1_174' title='bbox 750 1843 780 1890; x_wconf 94' lang='lat' dir='ltr'><strong>ob</strong></span> 
     </span>
     <span class='ocr_line' id='line_1_28' title="bbox 117 1907 235 1952; baseline 0 0"><span class='ocrx_word' id='word_1_175' title='bbox 117 1907 235 1952; x_wconf 79' lang='lat' dir='ltr'><strong>saevitiam.</strong></span> 
     </span>
    </p>

    <p class='ocr_par' dir='ltr' id='par_1_4' title="bbox 114 1967 784 2676">
     <span class='ocr_line' id='line_1_29' title="bbox 150 1967 779 2035; baseline 0.008 -20"><span class='ocrx_word' id='word_1_176' title='bbox 150 1967 242 2018; x_wconf 85' lang='lat' dir='ltr'>XLVI.</span> <span class='ocrx_word' id='word_1_177' title='bbox 260 1969 323 2017; x_wconf 89' lang='lat' dir='ltr'><strong>Inter</strong></span> <span class='ocrx_word' id='word_1_178' title='bbox 339 1986 391 2033; x_wconf 86' lang='lat' dir='ltr'><strong>quae</strong></span> <span class='ocrx_word' id='word_1_179' title='bbox 405 1971 507 2019; x_wconf 83' lang='lat' dir='ltr'><strong>militaris</strong></span> <span class='ocrx_word' id='word_1_180' title='bbox 521 1972 600 2020; x_wconf 84' lang='lat' dir='ltr'><strong>seditio</strong></span> <span class='ocrx_word' id='word_1_181' title='bbox 611 1988 679 2035; x_wconf 86' lang='lat' dir='ltr'><strong>prope</strong></span> <span class='ocrx_word' id='word_1_182' title='bbox 689 1972 779 2020; x_wconf 67' lang='lat' dir='ltr'><strong>exorsu</strong></span> 
     </span>
     <span class='ocr_line' id='line_1_30' title="bbox 116 2034 780 2098; baseline 0 -16"><span class='ocrx_word' id='word_1_183' title='bbox 116 2034 278 2082; x_wconf 83' lang='lat' dir='ltr'><strong>Praetorianam</strong></span> <span class='ocrx_word' id='word_1_184' title='bbox 289 2036 391 2082; x_wconf 86' lang='lat' dir='ltr'><strong>militiam</strong></span> <span class='ocrx_word' id='word_1_185' title='bbox 407 2037 536 2098; x_wconf 74' lang='lat' dir='ltr'><strong>repetebant</strong></span> <span class='ocrx_word' id='word_1_186' title='bbox 552 2051 566 2082; x_wconf 88' lang='lat' dir='ltr'><strong>a</strong></span> <span class='ocrx_word' id='word_1_187' title='bbox 580 2035 673 2083; x_wconf 69' lang='lat' dir='ltr'><strong>Vrteiiio</strong></span> <span class='ocrx_word' id='word_1_188' title='bbox 689 2037 780 2090; x_wconf 86' lang='lat' dir='ltr'><strong>dimissi,</strong></span> 
     </span>
     <span class='ocr_line' id='line_1_31' title="bbox 114 2097 781 2163; baseline 0.003 -18"><span class='ocrx_word' id='word_1_189' title='bbox 114 2115 158 2163; x_wconf 89' lang='lat' dir='ltr'><strong>pro</strong></span> <span class='ocrx_word' id='word_1_190' title='bbox 175 2097 315 2162; x_wconf 71' lang='lat' dir='ltr'><strong>Vespasiano</strong></span> <span class='ocrx_word' id='word_1_191' title='bbox 326 2101 472 2162; x_wconf 86' lang='lat' dir='ltr'><strong>congregati:</strong></span> <span class='ocrx_word' id='word_1_192' title='bbox 492 2107 516 2149; x_wconf 89' lang='lat' dir='ltr'><strong>et</strong></span> <span class='ocrx_word' id='word_1_193' title='bbox 531 2100 619 2147; x_wconf 87' lang='lat' dir='ltr'><strong>illectus</strong></span> <span class='ocrx_word' id='word_1_194' title='bbox 637 2100 661 2146; x_wconf 91' lang='lat' dir='ltr'><strong>in</strong></span> <span class='ocrx_word' id='word_1_195' title='bbox 679 2099 781 2147; x_wconf 82' lang='lat' dir='ltr'><strong>eamdem</strong></span> 
     </span>
     <span class='ocr_line' id='line_1_32' title="bbox 116 2163 781 2228; baseline 0 -16"><span class='ocrx_word' id='word_1_196' title='bbox 116 2178 187 2226; x_wconf 86' lang='lat' dir='ltr'><strong>spem,</strong></span> <span class='ocrx_word' id='word_1_197' title='bbox 203 2179 217 2210; x_wconf 86' lang='lat' dir='ltr'><strong>e</strong></span> <span class='ocrx_word' id='word_1_198' title='bbox 234 2165 359 2226; x_wconf 83' lang='lat' dir='ltr'><strong>legionibus</strong></span> <span class='ocrx_word' id='word_1_199' title='bbox 376 2165 440 2210; x_wconf 87' lang='lat' dir='ltr'><strong>miles</strong></span> <span class='ocrx_word' id='word_1_200' title='bbox 454 2164 564 2227; x_wconf 83' lang='lat' dir='ltr'><strong>promissa</strong></span> <span class='ocrx_word' id='word_1_201' title='bbox 574 2165 682 2227; x_wconf 88' lang='lat' dir='ltr'><strong>stipendia</strong></span> <span class='ocrx_word' id='word_1_202' title='bbox 692 2163 781 2228; x_wconf 83' lang='lat' dir='ltr'><strong>flagita·</strong></span> 
     </span>
     <span class='ocr_line' id='line_1_33' title="bbox 116 2226 781 2292; baseline 0 -16"><span class='ocrx_word' id='word_1_203' title='bbox 116 2230 170 2276; x_wconf 81' lang='lat' dir='ltr'><strong>bat:</strong></span> <span class='ocrx_word' id='word_1_204' title='bbox 190 2243 219 2275; x_wconf 87' lang='lat' dir='ltr'><strong>ne</strong></span> <span class='ocrx_word' id='word_1_205' title='bbox 233 2226 349 2276; x_wconf 87' lang='lat' dir='ltr'><strong>Vitelliani</strong></span> <span class='ocrx_word' id='word_1_206' title='bbox 360 2229 449 2289; x_wconf 87' lang='lat' dir='ltr'><strong>quidem</strong></span> <span class='ocrx_word' id='word_1_207' title='bbox 465 2230 514 2276; x_wconf 86' lang='lat' dir='ltr'><strong>sine</strong></span> <span class='ocrx_word' id='word_1_208' title='bbox 524 2227 595 2276; x_wconf 67' lang='lat' dir='ltr'><strong>multi</strong></span> <span class='ocrx_word' id='word_1_209' title='bbox 605 2230 668 2276; x_wconf 80' lang='lat' dir='ltr'><strong>eaede</strong></span> <span class='ocrx_word' id='word_1_210' title='bbox 676 2231 729 2292; x_wconf 85' lang='lat' dir='ltr'><strong>pelli</strong></span> <span class='ocrx_word' id='word_1_211' title='bbox 739 2245 781 2292; x_wconf 91' lang='lat' dir='ltr'><strong>po·</strong></span> 
     </span>
     <span class='ocr_line' id='line_1_34' title="bbox 115 2293 782 2355; baseline 0 -13"><span class='ocrx_word' id='word_1_212' title='bbox 115 2300 191 2342; x_wconf 77' lang='lat' dir='ltr'><strong>beraut</strong></span> <span class='ocrx_word' id='word_1_213' title='bbox 197 2310 206 2350; x_wconf 65' lang='grc' dir='ltr'><strong><em>ς</em></strong></span> <span class='ocrx_word' id='word_1_214' title='bbox 218 2293 257 2340; x_wconf 89' lang='lat' dir='ltr'><strong>sed</strong></span> <span class='ocrx_word' id='word_1_215' title='bbox 267 2295 377 2340; x_wconf 83' lang='lat' dir='ltr'><strong>immensa</strong></span> <span class='ocrx_word' id='word_1_216' title='bbox 383 2294 478 2355; x_wconf 75' lang='lat' dir='ltr'><strong>pecuma</strong></span> <span class='ocrx_word' id='word_1_217' title='bbox 484 2294 604 2348; x_wconf 79' lang='lat' dir='ltr'><strong>dicebatur,</strong></span> <span class='ocrx_word' id='word_1_218' title='bbox 623 2293 667 2355; x_wconf 70' lang='lat' dir='ltr'><strong>qui</strong></span> <span class='ocrx_word' id='word_1_219' title='bbox 677 2303 740 2342; x_wconf 82' lang='lat' dir='ltr'><strong>tanta</strong></span> <span class='ocrx_word' id='word_1_220' title='bbox 748 2295 782 2342; x_wconf 80' lang='lat' dir='ltr'><strong>vis</strong></span> 
     </span>
     <span class='ocr_line' id='line_1_35' title="bbox 115 2355 780 2420; baseline 0.002 -16"><span class='ocrx_word' id='word_1_221' title='bbox 115 2358 234 2404; x_wconf 88' lang='lat' dir='ltr'><strong>hominum</strong></span> <span class='ocrx_word' id='word_1_222' title='bbox 245 2357 360 2404; x_wconf 86' lang='lat' dir='ltr'><strong>retinenda</strong></span> <span class='ocrx_word' id='word_1_223' title='bbox 370 2365 424 2404; x_wconf 84' lang='lat' dir='ltr'><strong>erat.</strong></span> <span class='ocrx_word' id='word_1_224' title='bbox 440 2355 561 2420; x_wconf 84' lang='lat' dir='ltr'><strong>Ingressus</strong></span> <span class='ocrx_word' id='word_1_225' title='bbox 572 2365 644 2406; x_wconf 83' lang='lat' dir='ltr'><strong>castra</strong></span> <span class='ocrx_word' id='word_1_226' title='bbox 652 2358 780 2415; x_wconf 81' lang='lat' dir='ltr'><strong>Mucianus,</strong></span> 
     </span>
     <span class='ocr_line' id='line_1_36' title="bbox 116 2421 782 2485; baseline -0.003 -15"><span class='ocrx_word' id='word_1_227' title='bbox 116 2438 162 2482; x_wconf 86' lang='lat' dir='ltr'><strong>quo</strong></span> <span class='ocrx_word' id='word_1_228' title='bbox 171 2423 254 2469; x_wconf 86' lang='lat' dir='ltr'><strong>rectius</strong></span> <span class='ocrx_word' id='word_1_229' title='bbox 265 2421 374 2484; x_wconf 84' lang='lat' dir='ltr'><strong>stipendia</strong></span> <span class='ocrx_word' id='word_1_230' title='bbox 384 2422 526 2484; x_wconf 81' lang='lat' dir='ltr'><strong>singulorum</strong></span> <span class='ocrx_word' id='word_1_231' title='bbox 542 2430 658 2484; x_wconf 81' lang='lat' dir='ltr'><strong>spectaret,</strong></span> <span class='ocrx_word' id='word_1_232' title='bbox 675 2424 722 2485; x_wconf 86' lang='lat' dir='ltr'><strong>suis</strong></span> <span class='ocrx_word' id='word_1_233' title='bbox 730 2439 782 2470; x_wconf 87' lang='lat' dir='ltr'><strong>cum</strong></span> 
     </span>
     <span class='ocr_line' id='line_1_37' title="bbox 116 2487 784 2549; baseline -0.003 -16"><span class='ocrx_word' id='word_1_234' title='bbox 116 2487 243 2549; x_wconf 88' lang='lat' dir='ltr'><strong>insignibus</strong></span> <span class='ocrx_word' id='word_1_235' title='bbox 254 2487 365 2546; x_wconf 82' lang='lat' dir='ltr'><strong>armisque</strong></span> <span class='ocrx_word' id='word_1_236' title='bbox 376 2487 473 2533; x_wconf 81' lang='lat' dir='ltr'><strong>victores</strong></span> <span class='ocrx_word' id='word_1_237' title='bbox 483 2487 605 2541; x_wconf 85' lang='lat' dir='ltr'><strong>constituit,</strong></span> <span class='ocrx_word' id='word_1_238' title='bbox 621 2487 715 2534; x_wconf 88' lang='lat' dir='ltr'><strong>modicis</strong></span> <span class='ocrx_word' id='word_1_239' title='bbox 726 2488 784 2532; x_wconf 86' lang='lat' dir='ltr'><strong>inter</strong></span> 
     </span>
     <span class='ocr_line' id='line_1_38' title="bbox 116 2547 784 2612; baseline -0.01 -13"><span class='ocrx_word' id='word_1_240' title='bbox 116 2565 143 2599; x_wconf 84' lang='lat' dir='ltr'><strong>se</strong></span> <span class='ocrx_word' id='word_1_241' title='bbox 155 2551 232 2612; x_wconf 86' lang='lat' dir='ltr'><strong>spatiis</strong></span> <span class='ocrx_word' id='word_1_242' title='bbox 240 2551 355 2598; x_wconf 89' lang='lat' dir='ltr'><strong>discretos.</strong></span> <span class='ocrx_word' id='word_1_243' title='bbox 386 2548 447 2596; x_wconf 89' lang='lat' dir='ltr'><strong>Turn</strong></span> <span class='ocrx_word' id='word_1_244' title='bbox 458 2549 581 2603; x_wconf 74' lang='lat' dir='ltr'><strong>Vitelliani,</strong></span> <span class='ocrx_word' id='word_1_245' title='bbox 598 2565 654 2610; x_wconf 87' lang='lat' dir='ltr'><strong>quos</strong></span> <span class='ocrx_word' id='word_1_246' title='bbox 665 2550 723 2609; x_wconf 84' lang='lat' dir='ltr'><strong>apud</strong></span> <span class='ocrx_word' id='word_1_247' title='bbox 734 2547 784 2592; x_wconf 90' lang='lat' dir='ltr'><strong>Bo·</strong></span> 
     </span>
     <span class='ocr_line' id='line_1_39' title="bbox 117 2609 784 2676; baseline -0.012 -12"><span class='ocrx_word' id='word_1_248' title='bbox 117 2615 183 2664; x_wconf 77' lang='lat' dir='ltr'><strong>villas</strong></span> <span class='ocrx_word' id='word_1_249' title='bbox 190 2617 215 2662; x_wconf 92' lang='lat' dir='ltr'><strong>in</strong></span> <span class='ocrx_word' id='word_1_250' title='bbox 222 2613 357 2663; x_wconf 87' lang='lat' dir='ltr'><strong>deditionem</strong></span> <span class='ocrx_word' id='word_1_251' title='bbox 366 2621 470 2676; x_wconf 84' lang='lat' dir='ltr'><strong>acceptos</strong></span> <span class='ocrx_word' id='word_1_252' title='bbox 476 2613 657 2666; x_wconf 82' lang='lat' dir='ltr'><strong>memoravimus,</strong></span> <span class='ocrx_word' id='word_1_253' title='bbox 665 2609 784 2665; x_wconf 76' lang='lat' dir='ltr'><strong>caeterique</strong></span> 
     </span>
    </p>
   </div>
   <div class='ocr_carea' id='block_1_3' title="bbox 0 0 932 2900">
    <p class='ocr_par' dir='ltr' id='par_1_5' title="bbox 0 0 932 2900">
     <span class='ocr_line' id='line_1_40' title="bbox 0 0 932 2900; baseline 0 0"><span class='ocrx_word' id='word_1_254' title='bbox 0 0 932 2900; x_wconf 95' lang='lat' dir='ltr'><strong> </strong></span> 
     </span>
    </p>
   </div>
  </div>
 </body>
</html>
