<?xml version="1.0" encoding="UTF-8"?>
<!DOCTYPE html PUBLIC "-//W3C//DTD XHTML 1.0 Transitional//EN"
    "http://www.w3.org/TR/xhtml1/DTD/xhtml1-transitional.dtd">
<html xmlns="http://www.w3.org/1999/xhtml" xml:lang="en" lang="en">
 <head>
  <title>
</title>
<meta http-equiv="Content-Type" content="text/html;charset=utf-8" />
  <meta name='ocr-system' content='tesseract 3.04.00' />
  <meta name='ocr-capabilities' content='ocr_page ocr_carea ocr_par ocr_line ocrx_word'/>
</head>
<body>
  <div class='ocr_page' id='page_1' title='image "./opera02obergoog_0104.png"; bbox 0 0 1834 2900; ppageno 0'>
   <div class='ocr_carea' id='block_1_1' title="bbox 136 104 810 166">
    <p class='ocr_par' dir='ltr' id='par_1_1' title="bbox 136 104 810 166">
     <span class='ocr_line' id='line_1_1' title="bbox 136 104 810 166; baseline -0.001 -12"><span class='ocrx_word' id='word_1_1' title='bbox 136 116 175 159; x_wconf 70' lang='lat' dir='ltr'><strong>‚so</strong></span> <span class='ocrx_word' id='word_1_2' title='bbox 218 104 810 166; x_wconf 46' lang='lat' dir='ltr'><strong>uranonmaummsrnumssosc-sss</strong></span> 
     </span>
    </p>
   </div>
   <div class='ocr_carea' id='block_1_2' title="bbox 94 233 817 1142">
    <p class='ocr_par' dir='ltr' id='par_1_2' title="bbox 94 233 817 1142">
     <span class='ocr_line' id='line_1_2' title="bbox 144 233 812 299; baseline -0.006 -14"><span class='ocrx_word' id='word_1_3' title='bbox 144 253 203 299; x_wconf 81' lang='lat' dir='ltr'><strong>gens</strong></span> <span class='ocrx_word' id='word_1_4' title='bbox 212 238 302 293; x_wconf 82' lang='lat' dir='ltr'><strong>bellurn,</strong></span> <span class='ocrx_word' id='word_1_5' title='bbox 319 233 417 297; x_wconf 79' lang='lat' dir='ltr'><strong>Illyricis</strong></span> <span class='ocrx_word' id='word_1_6' title='bbox 433 237 568 299; x_wconf 78' lang='lat' dir='ltr'><strong>exercitibus</strong></span> <span class='ocrx_word' id='word_1_7' title='bbox 580 236 655 299; x_wconf 81' lang='lat' dir='ltr'><strong>palam</strong></span> <span class='ocrx_word' id='word_1_8' title='bbox 665 235 812 282; x_wconf 78' lang='lat' dir='ltr'><strong>descisoenti·</strong></span> 
     </span>
     <span class='ocr_line' id='line_1_3' title="bbox 144 301 739 356; baseline -0.013 -5"><span class='ocrx_word' id='word_1_9' title='bbox 144 304 193 356; x_wconf 82' lang='lat' dir='ltr'><strong>hus,</strong></span> <span class='ocrx_word' id='word_1_10' title='bbox 210 304 298 349; x_wconf 81' lang='lat' dir='ltr'><strong>caetetis</strong></span> <span class='ocrx_word' id='word_1_11' title='bbox 309 301 420 349; x_wconf 82' lang='lat' dir='ltr'><strong>fortunam</strong></span> <span class='ocrx_word' id='word_1_12' title='bbox 433 303 551 349; x_wconf 86' lang='lat' dir='ltr'><strong>secuturis.</strong></span> <span class='ocrx_word' id='word_1_13' title='bbox 736 340 739 343; x_wconf 81' lang='grc'><em>.</em></span> 
     </span>
     <span class='ocr_line' id='line_1_4' title="bbox 178 362 813 428; baseline -0.006 -15"><span class='ocrx_word' id='word_1_14' title='bbox 178 364 339 414; x_wconf 85' lang='lat' dir='ltr'>LXXXVII.</span> <span class='ocrx_word' id='word_1_15' title='bbox 356 366 421 414; x_wconf 92' lang='lat' dir='ltr'><strong>Dum</strong></span> <span class='ocrx_word' id='word_1_16' title='bbox 439 368 489 413; x_wconf 76' lang='lat' dir='ltr'><strong>haec</strong></span> <span class='ocrx_word' id='word_1_17' title='bbox 505 382 546 428; x_wconf 89' lang='lat' dir='ltr'><strong>per</strong></span> <span class='ocrx_word' id='word_1_18' title='bbox 557 364 688 427; x_wconf 76' lang='lat' dir='ltr'><strong>provincias</strong></span> <span class='ocrx_word' id='word_1_19' title='bbox 698 379 713 410; x_wconf 91' lang='lat' dir='ltr'><strong>a</strong></span> <span class='ocrx_word' id='word_1_20' title='bbox 723 362 813 425; x_wconf 75' lang='lat' dir='ltr'><strong>Vespa·</strong></span> 
     </span>
     <span class='ocr_line' id='line_1_5' title="bbox 94 429 814 497; baseline -0.008 -17"><span class='ocrx_word' id='word_1_21' title='bbox 94 474 103 497; x_wconf 74' lang='lat'><em>,</em></span> <span class='ocrx_word' id='word_1_22' title='bbox 139 432 210 479; x_wconf 80' lang='lat' dir='ltr'><strong>siano</strong></span> <span class='ocrx_word' id='word_1_23' title='bbox 229 433 365 493; x_wconf 90' lang='lat' dir='ltr'><strong>ducibusque</strong></span> <span class='ocrx_word' id='word_1_24' title='bbox 383 432 481 493; x_wconf 90' lang='lat' dir='ltr'><strong>partium</strong></span> <span class='ocrx_word' id='word_1_25' title='bbox 497 438 615 493; x_wconf 76' lang='lat' dir='ltr'><strong>gematur,</strong></span> <span class='ocrx_word' id='word_1_26' title='bbox 632 429 738 476; x_wconf 77' lang='lat' dir='ltr'><strong>Vitellius</strong></span> <span class='ocrx_word' id='word_1_27' title='bbox 758 444 814 475; x_wconf 86' lang='lat' dir='ltr'><strong>oon·</strong></span> 
     </span>
     <span class='ocr_line' id='line_1_6' title="bbox 147 495 814 558; baseline -0.004 -14"><span class='ocrx_word' id='word_1_28' title='bbox 147 498 239 548; x_wconf 87' lang='lat' dir='ltr'><strong>temtior</strong></span> <span class='ocrx_word' id='word_1_29' title='bbox 256 498 279 543; x_wconf 92' lang='lat' dir='ltr'><strong>in</strong></span> <span class='ocrx_word' id='word_1_30' title='bbox 295 498 342 544; x_wconf 90' lang='lat' dir='ltr'><strong>dies</strong></span> <span class='ocrx_word' id='word_1_31' title='bbox 353 497 495 558; x_wconf 82' lang='lat' dir='ltr'><strong>segniorque,</strong></span> <span class='ocrx_word' id='word_1_32' title='bbox 512 497 540 542; x_wconf 87' lang='lat' dir='ltr'><strong>ad</strong></span> <span class='ocrx_word' id='word_1_33' title='bbox 551 510 631 543; x_wconf 89' lang='lat' dir='ltr'><strong>omnes</strong></span> <span class='ocrx_word' id='word_1_34' title='bbox 640 495 814 554; x_wconf 82' lang='lat' dir='ltr'><strong>municipiorum</strong></span> 
     </span>
     <span class='ocr_line' id='line_1_7' title="bbox 148 558 814 623; baseline -0.008 -14"><span class='ocrx_word' id='word_1_35' title='bbox 148 562 295 623; x_wconf 81' lang='lat' dir='ltr'><strong>villarumque</strong></span> <span class='ocrx_word' id='word_1_36' title='bbox 311 562 453 609; x_wconf 82' lang='lat' dir='ltr'><strong>amoenitstes</strong></span> <span class='ocrx_word' id='word_1_37' title='bbox 469 562 582 615; x_wconf 76' lang='lat' dir='ltr'><strong>resistens,</strong></span> <span class='ocrx_word' id='word_1_38' title='bbox 597 559 663 621; x_wconf 78' lang='lat' dir='ltr'><strong>gravi</strong></span> <span class='ocrx_word' id='word_1_39' title='bbox 675 558 762 605; x_wconf 81' lang='lat' dir='ltr'>Urbem</span> <span class='ocrx_word' id='word_1_40' title='bbox 772 573 814 620; x_wconf 87' lang='lat' dir='ltr'><strong>ag·</strong></span> 
     </span>
     <span class='ocr_line' id='line_1_8' title="bbox 149 626 815 689; baseline -0.008 -15"><span class='ocrx_word' id='word_1_41' title='bbox 149 627 210 675; x_wconf 88' lang='lat' dir='ltr'><strong>mine</strong></span> <span class='ocrx_word' id='word_1_42' title='bbox 225 629 320 689; x_wconf 84' lang='lat' dir='ltr'><strong>petebat.</strong></span> <span class='ocrx_word' id='word_1_43' title='bbox 354 626 479 687; x_wconf 73' lang='lat' dir='ltr'><strong>Sexaginta</strong></span> <span class='ocrx_word' id='word_1_44' title='bbox 493 626 564 671; x_wconf 87' lang='lat' dir='ltr'><strong>millia</strong></span> <span class='ocrx_word' id='word_1_45' title='bbox 579 632 716 671; x_wconf 87' lang='lat' dir='ltr'><strong>armatorum</strong></span> <span class='ocrx_word' id='word_1_46' title='bbox 733 638 815 683; x_wconf 90' lang='lat' dir='ltr'><strong>seque-</strong></span> 
     </span>
     <span class='ocr_line' id='line_1_9' title="bbox 149 688 813 752; baseline -0.008 -12"><span class='ocrx_word' id='word_1_47' title='bbox 149 693 238 746; x_wconf 81' lang='lat' dir='ltr'><strong>bantur,</strong></span> <span class='ocrx_word' id='word_1_48' title='bbox 249 690 339 739; x_wconf 72' lang='lat' dir='ltr'><strong>licentii</strong></span> <span class='ocrx_word' id='word_1_49' title='bbox 350 697 466 752; x_wconf 81' lang='lat' dir='ltr'><strong>corrupta:</strong></span> <span class='ocrx_word' id='word_1_50' title='bbox 480 690 585 737; x_wconf 73' lang='lat' dir='ltr'><strong>minum</strong></span> <span class='ocrx_word' id='word_1_51' title='bbox 593 704 700 736; x_wconf 89' lang='lat' dir='ltr'><strong>numerus</strong></span> <span class='ocrx_word' id='word_1_52' title='bbox 707 688 813 749; x_wconf 79' lang='lat' dir='ltr'><strong>amplior:</strong></span> 
     </span>
     <span class='ocr_line' id='line_1_10' title="bbox 148 753 813 819; baseline -0.008 -16"><span class='ocrx_word' id='word_1_53' title='bbox 148 756 312 819; x_wconf 77' lang='lat' dir='ltr'><strong>procacissimis</strong></span> <span class='ocrx_word' id='word_1_54' title='bbox 330 756 397 802; x_wconf 87' lang='lat' dir='ltr'><strong>etiam</strong></span> <span class='ocrx_word' id='word_1_55' title='bbox 416 756 475 801; x_wconf 90' lang='lat' dir='ltr'><strong>inter</strong></span> <span class='ocrx_word' id='word_1_56' title='bbox 493 754 684 804; x_wconf 80' lang='lat' dir='ltr'><strong>servoslixarum</strong></span> <span class='ocrx_word' id='word_1_57' title='bbox 701 753 813 814; x_wconf 70' lang='lat' dir='ltr'><strong>ingeniine</strong></span> 
     </span>
     <span class='ocr_line' id='line_1_11' title="bbox 151 817 817 883; baseline -0.011 -13"><span class='ocrx_word' id='word_1_58' title='bbox 151 829 187 869; x_wconf 90' lang='lat' dir='ltr'><strong>tot</strong></span> <span class='ocrx_word' id='word_1_59' title='bbox 200 822 327 883; x_wconf 80' lang='lat' dir='ltr'><strong>legatorum</strong></span> <span class='ocrx_word' id='word_1_60' title='bbox 344 820 511 881; x_wconf 75' lang='lat' dir='ltr'><strong>amicorumque</strong></span> <span class='ocrx_word' id='word_1_61' title='bbox 527 819 653 871; x_wconf 79' lang='lat' dir='ltr'><strong>comitatus,</strong></span> <span class='ocrx_word' id='word_1_62' title='bbox 668 818 772 869; x_wconf 85' lang='lat' dir='ltr'><strong>inbsbiiis</strong></span> <span class='ocrx_word' id='word_1_63' title='bbox 788 817 817 863; x_wconf 86' lang='lat' dir='ltr'><strong>ad</strong></span> 
     </span>
     <span class='ocr_line' id='line_1_12' title="bbox 150 880 816 949; baseline -0.006 -16"><span class='ocrx_word' id='word_1_64' title='bbox 150 888 279 949; x_wconf 84' lang='lat' dir='ltr'><strong>parendum,</strong></span> <span class='ocrx_word' id='word_1_65' title='bbox 292 886 358 931; x_wconf 87' lang='lat' dir='ltr'><strong>etiam</strong></span> <span class='ocrx_word' id='word_1_66' title='bbox 370 886 389 931; x_wconf 89' lang='lat' dir='ltr'><strong>si</strong></span> <span class='ocrx_word' id='word_1_67' title='bbox 400 883 734 945; x_wconf 74' lang='lat' dir='ltr'><strong>summimodestid-regeretur.</strong></span> <span class='ocrx_word' id='word_1_68' title='bbox 752 880 816 929; x_wconf 86' lang='lat' dir='ltr'><strong>One·</strong></span> 
     </span>
     <span class='ocr_line' id='line_1_13' title="bbox 144 948 815 1007; baseline -0.007 -10"><span class='ocrx_word' id='word_1_69' title='bbox 144 952 230 999; x_wconf 80' lang='lat' dir='ltr'><strong>rabant</strong></span> <span class='ocrx_word' id='word_1_70' title='bbox 240 949 404 997; x_wconf 79' lang='lat' dir='ltr'><strong>multitudinem</strong></span> <span class='ocrx_word' id='word_1_71' title='bbox 413 950 472 995; x_wconf 85' lang='lat' dir='ltr'><strong>obvii</strong></span> <span class='ocrx_word' id='word_1_72' title='bbox 483 964 513 996; x_wconf 86' lang='lat' dir='ltr'><strong>ex</strong></span> <span class='ocrx_word' id='word_1_73' title='bbox 521 948 585 997; x_wconf 86' lang='lat' dir='ltr'><strong>Urbe</strong></span> <span class='ocrx_word' id='word_1_74' title='bbox 595 959 709 995; x_wconf 74' lang='lat' dir='ltr'><strong>senatores</strong></span> <span class='ocrx_word' id='word_1_75' title='bbox 717 948 815 1007; x_wconf 83' lang='lat' dir='ltr'><strong>equites·</strong></span> 
     </span>
     <span class='ocr_line' id='line_1_14' title="bbox 152 1012 817 1076; baseline -0.005 -15"><span class='ocrx_word' id='word_1_76' title='bbox 152 1031 212 1076; x_wconf 66' lang='lat' dir='ltr'><strong>ques</strong></span> <span class='ocrx_word' id='word_1_77' title='bbox 227 1014 316 1075; x_wconf 90' lang='lat' dir='ltr'><strong>quidam</strong></span> <span class='ocrx_word' id='word_1_78' title='bbox 324 1019 393 1069; x_wconf 78' lang='lat' dir='ltr'><strong>metu,</strong></span> <span class='ocrx_word' id='word_1_79' title='bbox 409 1014 475 1061; x_wconf 89' lang='lat' dir='ltr'><strong>multi</strong></span> <span class='ocrx_word' id='word_1_80' title='bbox 485 1030 526 1076; x_wconf 88' lang='lat' dir='ltr'><strong>per</strong></span> <span class='ocrx_word' id='word_1_81' title='bbox 535 1014 692 1064; x_wconf 80' lang='lat' dir='ltr'><strong>adulationem.</strong></span> <span class='ocrx_word' id='word_1_82' title='bbox 703 1012 780 1059; x_wconf 80' lang='lat' dir='ltr'><strong>oteteri</strong></span> <span class='ocrx_word' id='word_1_83' title='bbox 789 1028 817 1059; x_wconf 87' lang='lat' dir='ltr'><strong>ac</strong></span> 
     </span>
     <span class='ocr_line' id='line_1_15' title="bbox 152 1078 816 1142; baseline 0 -17"><span class='ocrx_word' id='word_1_84' title='bbox 152 1080 259 1142; x_wconf 87' lang='lat' dir='ltr'><strong>paulatim</strong></span> <span class='ocrx_word' id='word_1_85' title='bbox 281 1092 367 1133; x_wconf 86' lang='lat' dir='ltr'><strong>omnes,</strong></span> <span class='ocrx_word' id='word_1_86' title='bbox 383 1093 419 1132; x_wconf 83' lang='lat' dir='ltr'><strong>ue,</strong></span> <span class='ocrx_word' id='word_1_87' title='bbox 435 1079 486 1125; x_wconf 87' lang='lat' dir='ltr'><strong>aliis</strong></span> <span class='ocrx_word' id='word_1_88' title='bbox 506 1078 702 1141; x_wconf 82' lang='lat' dir='ltr'><strong>proficiscentibus,</strong></span> <span class='ocrx_word' id='word_1_89' title='bbox 718 1078 762 1138; x_wconf 86' lang='lat' dir='ltr'><strong>ipsi</strong></span> <span class='ocrx_word' id='word_1_90' title='bbox 780 1093 816 1125; x_wconf 84' lang='lat' dir='ltr'><strong>re·</strong></span> 
     </span>
    </p>
   </div>
   <div class='ocr_carea' id='block_1_3' title="bbox 153 1142 907 1205">
    <p class='ocr_par' dir='ltr' id='par_1_3' title="bbox 153 1142 907 1205">
     <span class='ocr_line' id='line_1_16' title="bbox 153 1142 907 1205; baseline -0.001 -15"><span class='ocrx_word' id='word_1_91' title='bbox 153 1149 276 1191; x_wconf 81' lang='lat' dir='ltr'><strong>manerent.</strong></span> <span class='ocrx_word' id='word_1_92' title='bbox 297 1142 491 1205; x_wconf 76' lang='lat' dir='ltr'><strong>Aggregabantur</strong></span> <span class='ocrx_word' id='word_1_93' title='bbox 500 1160 514 1191; x_wconf 91' lang='lat' dir='ltr'><strong>e</strong></span> <span class='ocrx_word' id='word_1_94' title='bbox 524 1144 594 1205; x_wconf 81' lang='lat' dir='ltr'><strong>plebe,</strong></span> <span class='ocrx_word' id='word_1_95' title='bbox 605 1142 716 1204; x_wconf 83' lang='lat' dir='ltr'><strong>flagitiosa</strong></span> <span class='ocrx_word' id='word_1_96' title='bbox 726 1158 767 1203; x_wconf 91' lang='lat' dir='ltr'><strong>per</strong></span> <span class='ocrx_word' id='word_1_97' title='bbox 777 1144 818 1189; x_wconf 93' lang='lat' dir='ltr'><strong>ob·</strong></span> <span class='ocrx_word' id='word_1_98' title='bbox 906 1159 907 1170; x_wconf 60' lang='lat'>¹</span> 
     </span>
    </p>
   </div>
   <div class='ocr_carea' id='block_1_4' title="bbox 106 1207 839 2709">
    <p class='ocr_par' dir='ltr' id='par_1_4' title="bbox 106 1207 839 2709">
     <span class='ocr_line' id='line_1_17' title="bbox 154 1207 818 1271; baseline -0.005 -16"><span class='ocrx_word' id='word_1_99' title='bbox 154 1208 231 1269; x_wconf 82' lang='lat' dir='ltr'><strong>aequis</strong></span> <span class='ocrx_word' id='word_1_100' title='bbox 252 1207 346 1255; x_wconf 88' lang='lat' dir='ltr'><strong>Vitellio</strong></span> <span class='ocrx_word' id='word_1_101' title='bbox 367 1208 459 1271; x_wconf 78' lang='lat' dir='ltr'><strong>cogniti.</strong></span> <span class='ocrx_word' id='word_1_102' title='bbox 476 1224 566 1263; x_wconf 68' lang='lat' dir='ltr'><strong>scurrae,</strong></span> <span class='ocrx_word' id='word_1_103' title='bbox 583 1208 708 1262; x_wconf 71' lang='lat' dir='ltr'><strong>histriones,</strong></span> <span class='ocrx_word' id='word_1_104' title='bbox 724 1207 818 1268; x_wconf 67' lang='lat' dir='ltr'><strong>aurigae,</strong></span> 
     </span>
     <span class='ocr_line' id='line_1_18' title="bbox 154 1272 819 1334; baseline -0.008 -12"><span class='ocrx_word' id='word_1_105' title='bbox 154 1274 234 1334; x_wconf 88' lang='lat' dir='ltr'><strong>quibus</strong></span> <span class='ocrx_word' id='word_1_106' title='bbox 250 1272 288 1320; x_wconf 90' lang='lat' dir='ltr'><strong>iile</strong></span> <span class='ocrx_word' id='word_1_107' title='bbox 304 1272 450 1321; x_wconf 81' lang='lat' dir='ltr'><strong>amicitiarum</strong></span> <span class='ocrx_word' id='word_1_108' title='bbox 469 1274 674 1320; x_wconf 83' lang='lat' dir='ltr'><strong>dehonestamentis</strong></span> <span class='ocrx_word' id='word_1_109' title='bbox 690 1273 747 1318; x_wconf 89' lang='lat' dir='ltr'><strong>mire</strong></span> <span class='ocrx_word' id='word_1_110' title='bbox 762 1288 819 1333; x_wconf 84' lang='lat' dir='ltr'><strong>gau-</strong></span> 
     </span>
     <span class='ocr_line' id='line_1_19' title="bbox 148 1336 822 1399; baseline -0.007 -14"><span class='ocrx_word' id='word_1_111' title='bbox 148 1338 227 1385; x_wconf 70' lang='lat' dir='ltr'><strong>-ddsat</strong></span> <span class='ocrx_word' id='word_1_112' title='bbox 259 1336 310 1385; x_wconf 89' lang='lat' dir='ltr'><strong>Nec</strong></span> <span class='ocrx_word' id='word_1_113' title='bbox 320 1338 416 1385; x_wconf 86' lang='lat' dir='ltr'><strong>coloniae</strong></span> <span class='ocrx_word' id='word_1_114' title='bbox 426 1339 501 1392; x_wconf 77' lang='lat' dir='ltr'><strong>modo,</strong></span> <span class='ocrx_word' id='word_1_115' title='bbox 517 1346 557 1385; x_wconf 86' lang='lat' dir='ltr'><strong>aut</strong></span> <span class='ocrx_word' id='word_1_116' title='bbox 566 1338 693 1399; x_wconf 78' lang='lat' dir='ltr'><strong>municipia,</strong></span> <span class='ocrx_word' id='word_1_117' title='bbox 708 1348 822 1399; x_wconf 80' lang='lat' dir='ltr'><strong>congestu</strong></span> 
     </span>
     <span class='ocr_line' id='line_1_20' title="bbox 155 1402 820 1472; baseline -0.002 -22"><span class='ocrx_word' id='word_1_118' title='bbox 155 1404 277 1466; x_wconf 85' lang='lat' dir='ltr'><strong>copiarum,</strong></span> <span class='ocrx_word' id='word_1_119' title='bbox 293 1403 333 1450; x_wconf 91' lang='lat' dir='ltr'><strong>sed</strong></span> <span class='ocrx_word' id='word_1_120' title='bbox 341 1404 385 1472; x_wconf 77' lang='lat' dir='ltr'><strong>ipsi</strong></span> <span class='ocrx_word' id='word_1_121' title='bbox 393 1404 491 1451; x_wconf 86' lang='lat' dir='ltr'><strong>cultores</strong></span> <span class='ocrx_word' id='word_1_122' title='bbox 500 1402 820 1465; x_wconf 59' lang='lat' dir='ltr'><strong>arvaquermsturisjamlm·</strong></span> 
     </span>
     <span class='ocr_line' id='line_1_21' title="bbox 150 1463 615 1532; baseline -0.004 -16"><span class='ocrx_word' id='word_1_123' title='bbox 150 1469 228 1532; x_wconf 70' lang='lat' dir='ltr'><strong>gibus,</strong></span> <span class='ocrx_word' id='word_1_124' title='bbox 246 1475 272 1514; x_wconf 91' lang='lat' dir='ltr'><strong>ut</strong></span> <span class='ocrx_word' id='word_1_125' title='bbox 282 1463 362 1522; x_wconf 53' lang='lat' dir='ltr'><strong>hos&amp;</strong></span> <span class='ocrx_word' id='word_1_126' title='bbox 372 1469 452 1524; x_wconf 83' lang='lat' dir='ltr'><strong>solum,</strong></span> <span class='ocrx_word' id='word_1_127' title='bbox 464 1470 615 1517; x_wconf 83' lang='lat' dir='ltr'><strong>vastabantur.</strong></span> 
     </span>
     <span class='ocr_line' id='line_1_22' title="bbox 147 1531 822 1581; baseline 0 -1"><span class='ocrx_word' id='word_1_128' title='bbox 147 1573 151 1580; x_wconf 90' lang='lat'>.</span> <span class='ocrx_word' id='word_1_129' title='bbox 191 1531 365 1580; x_wconf 74' lang='lat' dir='ltr'><strong>LXXXVllI.</strong></span> <span class='ocrx_word' id='word_1_130' title='bbox 381 1533 465 1581; x_wconf 85' lang='lat' dir='ltr'><strong>Multae</strong></span> <span class='ocrx_word' id='word_1_131' title='bbox 482 1543 505 1580; x_wconf 89' lang='lat' dir='ltr'><strong>et</strong></span> <span class='ocrx_word' id='word_1_132' title='bbox 522 1542 610 1581; x_wconf 84' lang='lat' dir='ltr'><strong>atroces</strong></span> <span class='ocrx_word' id='word_1_133' title='bbox 621 1534 679 1580; x_wconf 88' lang='lat' dir='ltr'><strong>inter</strong></span> <span class='ocrx_word' id='word_1_134' title='bbox 689 1549 715 1580; x_wconf 87' lang='lat' dir='ltr'><strong>se</strong></span> <span class='ocrx_word' id='word_1_135' title='bbox 724 1533 822 1580; x_wconf 87' lang='lat' dir='ltr'><strong>militum</strong></span> 
     </span>
     <span class='ocr_line' id='line_1_23' title="bbox 157 1598 824 1662; baseline -0.001 -16"><span class='ocrx_word' id='word_1_136' title='bbox 157 1599 237 1654; x_wconf 74' lang='lat' dir='ltr'><strong>cades,</strong></span> <span class='ocrx_word' id='word_1_137' title='bbox 254 1606 305 1661; x_wconf 88' lang='lat' dir='ltr'><strong>post</strong></span> <span class='ocrx_word' id='word_1_138' title='bbox 321 1599 452 1646; x_wconf 83' lang='lat' dir='ltr'><strong>seditionem</strong></span> <span class='ocrx_word' id='word_1_139' title='bbox 464 1598 540 1645; x_wconf 87' lang='lat' dir='ltr'><strong>Ticini</strong></span> <span class='ocrx_word' id='word_1_140' title='bbox 556 1608 652 1662; x_wconf 84' lang='lat' dir='ltr'><strong>coeptam</strong></span> <span class='ocrx_word' id='word_1_141' title='bbox 668 1606 774 1645; x_wconf 83' lang='lat' dir='ltr'><strong>manente</strong></span> <span class='ocrx_word' id='word_1_142' title='bbox 789 1599 824 1645; x_wconf 90' lang='lat' dir='ltr'><strong>le·</strong></span> 
     </span>
     <span class='ocr_line' id='line_1_24' title="bbox 115 1663 824 1726; baseline 0 -16"><span class='ocrx_word' id='word_1_143' title='bbox 115 1693 121 1704; x_wconf 61' lang='grc' dir='ltr'><strong><em>ι</em></strong></span> <span class='ocrx_word' id='word_1_144' title='bbox 149 1665 252 1726; x_wconf 63' lang='lat' dir='ltr'><strong>,gionum</strong></span> <span class='ocrx_word' id='word_1_145' title='bbox 268 1665 446 1724; x_wconf 80' lang='lat' dir='ltr'><strong>auxiliorumque</strong></span> <span class='ocrx_word' id='word_1_146' title='bbox 463 1663 587 1722; x_wconf 77' lang='lat' dir='ltr'><strong>discordid3</strong></span> <span class='ocrx_word' id='word_1_147' title='bbox 604 1664 641 1712; x_wconf 89' lang='lat' dir='ltr'><strong>ubi</strong></span> <span class='ocrx_word' id='word_1_148' title='bbox 660 1665 767 1710; x_wconf 80' lang='lat' dir='ltr'><strong>adversas</strong></span> <span class='ocrx_word' id='word_1_149' title='bbox 784 1679 824 1725; x_wconf 80' lang='lat' dir='ltr'><strong>pa-</strong></span> 
     </span>
     <span class='ocr_line' id='line_1_25' title="bbox 158 1728 824 1790; baseline 0.002 -15"><span class='ocrx_word' id='word_1_150' title='bbox 158 1744 231 1790; x_wconf 84' lang='lat' dir='ltr'><strong>ganos</strong></span> <span class='ocrx_word' id='word_1_151' title='bbox 239 1729 369 1776; x_wconf 85' lang='lat' dir='ltr'><strong>certandum</strong></span> <span class='ocrx_word' id='word_1_152' title='bbox 379 1728 444 1783; x_wconf 75' lang='lat' dir='ltr'><strong>foret.</strong></span> <span class='ocrx_word' id='word_1_153' title='bbox 456 1744 574 1777; x_wconf 88' lang='lat' dir='ltr'><strong>consensu.</strong></span> <span class='ocrx_word' id='word_1_154' title='bbox 602 1729 648 1775; x_wconf 85' lang='lat' dir='ltr'><strong>Sed</strong></span> <span class='ocrx_word' id='word_1_155' title='bbox 658 1729 753 1790; x_wconf 68' lang='lat' dir='ltr'><strong>phrima</strong></span> <span class='ocrx_word' id='word_1_156' title='bbox 760 1737 824 1776; x_wconf 75' lang='lat' dir='ltr'><strong>mrs-</strong></span> 
     </span>
     <span class='ocr_line' id='line_1_26' title="bbox 141 1793 826 1855; baseline 0.003 -17"><span class='ocrx_word' id='word_1_157' title='bbox 141 1804 200 1855; x_wconf 68' lang='lat' dir='ltr'><strong>‘ges</strong></span> <span class='ocrx_word' id='word_1_158' title='bbox 222 1793 250 1840; x_wconf 87' lang='lat' dir='ltr'><strong>ad</strong></span> <span class='ocrx_word' id='word_1_159' title='bbox 269 1794 388 1854; x_wconf 88' lang='lat' dir='ltr'><strong>septimum</strong></span> <span class='ocrx_word' id='word_1_160' title='bbox 409 1794 436 1840; x_wconf 90' lang='lat' dir='ltr'><strong>ab</strong></span> <span class='ocrx_word' id='word_1_161' title='bbox 456 1793 520 1844; x_wconf 71' lang='lat' dir='ltr'><strong>Urbe</strong></span> <span class='ocrx_word' id='word_1_162' title='bbox 538 1795 641 1855; x_wconf 80' lang='lat' dir='ltr'><strong>lapidem·</strong></span> <span class='ocrx_word' id='word_1_163' title='bbox 673 1793 776 1854; x_wconf 79' lang='lat' dir='ltr'><strong>Singulis</strong></span> <span class='ocrx_word' id='word_1_164' title='bbox 795 1794 826 1840; x_wconf 89' lang='lat' dir='ltr'><strong>ibi</strong></span> 
     </span>
     <span class='ocr_line' id='line_1_27' title="bbox 152 1857 826 1920; baseline 0 -16"><span class='ocrx_word' id='word_1_165' title='bbox 152 1858 266 1904; x_wconf 69' lang='lat' dir='ltr'><strong>,militibus</strong></span> <span class='ocrx_word' id='word_1_166' title='bbox 282 1858 388 1906; x_wconf 85' lang='lat' dir='ltr'><strong>Vitellius</strong></span> <span class='ocrx_word' id='word_1_167' title='bbox 400 1866 490 1920; x_wconf 86' lang='lat' dir='ltr'><strong>paratos</strong></span> <span class='ocrx_word' id='word_1_168' title='bbox 500 1860 568 1913; x_wconf 81' lang='lat' dir='ltr'><strong>cibos.</strong></span> <span class='ocrx_word' id='word_1_169' title='bbox 584 1857 775 1920; x_wconf 78' lang='lat' dir='ltr'><strong>utgladiatoriam</strong></span> <span class='ocrx_word' id='word_1_170' title='bbox 787 1875 826 1905; x_wconf 86' lang='lat' dir='ltr'><strong>sa·</strong></span> 
     </span>
     <span class='ocr_line' id='line_1_28' title="bbox 159 1923 826 1986; baseline 0.003 -18"><span class='ocrx_word' id='word_1_171' title='bbox 159 1923 243 1984; x_wconf 73' lang='lat' dir='ltr'><strong>ginsm</strong></span> <span class='ocrx_word' id='word_1_172' title='bbox 260 1923 384 1970; x_wconf 70' lang='lat' dir='ltr'><strong>dividebat:</strong></span> <span class='ocrx_word' id='word_1_173' title='bbox 403 1930 427 1972; x_wconf 86' lang='lat' dir='ltr'><strong>et</strong></span> <span class='ocrx_word' id='word_1_174' title='bbox 445 1923 517 1974; x_wconf 82' lang='lat' dir='ltr'><strong>effusa</strong></span> <span class='ocrx_word' id='word_1_175' title='bbox 533 1925 610 1986; x_wconf 85' lang='lat' dir='ltr'><strong>plebes</strong></span> <span class='ocrx_word' id='word_1_176' title='bbox 627 1923 682 1970; x_wconf 86' lang='lat' dir='ltr'><strong>totis</strong></span> <span class='ocrx_word' id='word_1_177' title='bbox 697 1938 726 1986; x_wconf 73' lang='lat' dir='ltr'><strong>se</strong></span> <span class='ocrx_word' id='word_1_178' title='bbox 736 1925 826 1970; x_wconf 75' lang='lat' dir='ltr'><strong>castris</strong></span> 
     </span>
     <span class='ocr_line' id='line_1_29' title="bbox 159 1985 837 2053; baseline -0.003 -19"><span class='ocrx_word' id='word_1_179' title='bbox 159 1988 287 2044; x_wconf 71' lang='lat' dir='ltr'><strong>miscuerat.</strong></span> <span class='ocrx_word' id='word_1_180' title='bbox 318 1986 448 2038; x_wconf 85' lang='lat' dir='ltr'><strong>incuriosos</strong></span> <span class='ocrx_word' id='word_1_181' title='bbox 458 1989 541 2036; x_wconf 87' lang='lat' dir='ltr'><strong>milites</strong></span> <span class='ocrx_word' id='word_1_182' title='bbox 551 1985 691 2053; x_wconf 77' lang='lat' dir='ltr'><strong>(vernaculi,</strong></span> <span class='ocrx_word' id='word_1_183' title='bbox 707 1989 837 2036; x_wconf 51' lang='lat' dir='ltr'><strong>utrshana</strong></span> 
     </span>
     <span class='ocr_line' id='line_1_30' title="bbox 161 2051 826 2116; baseline 0.003 -17"><span class='ocrx_word' id='word_1_184' title='bbox 161 2060 204 2106; x_wconf 87' lang='lat' dir='ltr'><strong>tur,</strong></span> <span class='ocrx_word' id='word_1_185' title='bbox 227 2051 362 2113; x_wconf 84' lang='lat' dir='ltr'><strong>urbanitate)</strong></span> <span class='ocrx_word' id='word_1_186' title='bbox 382 2053 472 2114; x_wconf 88' lang='lat' dir='ltr'><strong>quidam</strong></span> <span class='ocrx_word' id='word_1_187' title='bbox 490 2051 730 2116; x_wconf 70' lang='lat' dir='ltr'><strong>spoliavere-abscisis</strong></span> <span class='ocrx_word' id='word_1_188' title='bbox 745 2053 826 2101; x_wconf 81' lang='lat' dir='ltr'><strong>furtim</strong></span> 
     </span>
     <span class='ocr_line' id='line_1_31' title="bbox 160 2116 828 2180; baseline 0 -14"><span class='ocrx_word' id='word_1_189' title='bbox 160 2118 244 2174; x_wconf 83' lang='lat' dir='ltr'><strong>balteis,</strong></span> <span class='ocrx_word' id='word_1_190' title='bbox 261 2134 290 2166; x_wconf 91' lang='lat' dir='ltr'><strong>an</strong></span> <span class='ocrx_word' id='word_1_191' title='bbox 301 2119 396 2166; x_wconf 85' lang='lat' dir='ltr'><strong>accincti</strong></span> <span class='ocrx_word' id='word_1_192' title='bbox 404 2119 486 2173; x_wconf 82' lang='lat' dir='ltr'><strong>forent,</strong></span> <span class='ocrx_word' id='word_1_193' title='bbox 497 2120 629 2180; x_wconf 82' lang='lat' dir='ltr'><strong>rogitantes.</strong></span> <span class='ocrx_word' id='word_1_194' title='bbox 660 2116 716 2164; x_wconf 85' lang='lat' dir='ltr'><strong>Non</strong></span> <span class='ocrx_word' id='word_1_195' title='bbox 726 2119 780 2164; x_wconf 89' lang='lat' dir='ltr'><strong>tulit</strong></span> <span class='ocrx_word' id='word_1_196' title='bbox 790 2119 828 2166; x_wconf 87' lang='lat' dir='ltr'><strong>lu·</strong></span> 
     </span>
     <span class='ocr_line' id='line_1_32' title="bbox 156 2183 829 2246; baseline 0 -16"><span class='ocrx_word' id='word_1_197' title='bbox 156 2183 254 2230; x_wconf 85' lang='lat' dir='ltr'><strong>¹dibrium</strong></span> <span class='ocrx_word' id='word_1_198' title='bbox 272 2185 371 2230; x_wconf 88' lang='lat' dir='ltr'><strong>insolens</strong></span> <span class='ocrx_word' id='word_1_199' title='bbox 388 2183 532 2232; x_wconf 80' lang='lat' dir='ltr'><strong>contumeliae</strong></span> <span class='ocrx_word' id='word_1_200' title='bbox 543 2185 644 2230; x_wconf 81' lang='lat' dir='ltr'><strong>animus:</strong></span> <span class='ocrx_word' id='word_1_201' title='bbox 662 2184 772 2232; x_wconf 90' lang='lat' dir='ltr'><strong>inermem</strong></span> <span class='ocrx_word' id='word_1_202' title='bbox 784 2199 829 2246; x_wconf 92' lang='lat' dir='ltr'><strong>pn·</strong></span> 
     </span>
     <span class='ocr_line' id='line_1_33' title="bbox 154 2245 829 2310; baseline -0.003 -14"><span class='ocrx_word' id='word_1_203' title='bbox 154 2248 238 2310; x_wconf 68' lang='lat' dir='ltr'><strong>,pulum</strong></span> <span class='ocrx_word' id='word_1_204' title='bbox 249 2247 329 2310; x_wconf 84' lang='lat' dir='ltr'><strong>gladiis</strong></span> <span class='ocrx_word' id='word_1_205' title='bbox 344 2245 461 2296; x_wconf 67' lang='lat' dir='ltr'><strong>incaene</strong></span> <span class='ocrx_word' id='word_1_206' title='bbox 480 2263 553 2296; x_wconf 66' lang='lat' dir='ltr'><strong>emus</strong></span> <span class='ocrx_word' id='word_1_207' title='bbox 567 2251 627 2296; x_wconf 88' lang='lat' dir='ltr'><strong>inter</strong></span> <span class='ocrx_word' id='word_1_208' title='bbox 641 2248 698 2295; x_wconf 87' lang='lat' dir='ltr'><strong>aiios</strong></span> <span class='ocrx_word' id='word_1_209' title='bbox 707 2250 829 2310; x_wconf 81' lang='lat' dir='ltr'><strong>pater-mi·</strong></span> 
     </span>
     <span class='ocr_line' id='line_1_34' title="bbox 158 2312 838 2376; baseline 0.001 -16"><span class='ocrx_word' id='word_1_210' title='bbox 158 2313 212 2366; x_wconf 88' lang='lat' dir='ltr'><strong>litis,</strong></span> <span class='ocrx_word' id='word_1_211' title='bbox 230 2328 282 2358; x_wconf 91' lang='lat' dir='ltr'><strong>cum</strong></span> <span class='ocrx_word' id='word_1_212' title='bbox 295 2312 371 2362; x_wconf 77' lang='lat' dir='ltr'><strong>‚fitium</strong></span> <span class='ocrx_word' id='word_1_213' title='bbox 389 2313 551 2370; x_wconf 75' lang='lat' dir='ltr'><strong>comitaretur3</strong></span> <span class='ocrx_word' id='word_1_214' title='bbox 561 2313 647 2361; x_wconf 73' lang='lat' dir='ltr'><strong>‘deiude</strong></span> <span class='ocrx_word' id='word_1_215' title='bbox 664 2315 771 2376; x_wconf 77' lang='lat' dir='ltr'><strong>agnitusr</strong></span> <span class='ocrx_word' id='word_1_216' title='bbox 795 2322 838 2370; x_wconf 77' lang='lat' dir='ltr'><strong>ct..</strong></span> 
     </span>
     <span class='ocr_line' id='line_1_35' title="bbox 106 2375 834 2440; baseline 0.003 -17"><span class='ocrx_word' id='word_1_217' title='bbox 106 2387 113 2408; x_wconf 79' lang='lat'>¹</span> <span class='ocrx_word' id='word_1_218' title='bbox 160 2375 254 2438; x_wconf 73' lang='lat' dir='ltr'><strong>vulgant</strong></span> <span class='ocrx_word' id='word_1_219' title='bbox 275 2377 344 2434; x_wconf 81' lang='lat' dir='ltr'><strong>caede,</strong></span> <span class='ocrx_word' id='word_1_220' title='bbox 361 2383 509 2440; x_wconf 86' lang='lat' dir='ltr'><strong>temperatum</strong></span> <span class='ocrx_word' id='word_1_221' title='bbox 527 2380 558 2426; x_wconf 83' lang='lat' dir='ltr'><strong>ab</strong></span> <span class='ocrx_word' id='word_1_222' title='bbox 575 2379 681 2426; x_wconf 86' lang='lat' dir='ltr'><strong>innoxiis.</strong></span> <span class='ocrx_word' id='word_1_223' title='bbox 703 2377 743 2425; x_wconf 47' lang='lat'>,111</span> <span class='ocrx_word' id='word_1_224' title='bbox 764 2377 834 2438; x_wconf 84' lang='lat' dir='ltr'><strong>Urbe</strong></span> 
     </span>
     <span class='ocr_line' id='line_1_36' title="bbox 160 2441 833 2505; baseline 0.004 -17"><span class='ocrx_word' id='word_1_225' title='bbox 160 2451 237 2488; x_wconf 88' lang='lat' dir='ltr'><strong>tamen</strong></span> <span class='ocrx_word' id='word_1_226' title='bbox 251 2441 391 2502; x_wconf 87' lang='lat' dir='ltr'><strong>trepidatum,</strong></span> <span class='ocrx_word' id='word_1_227' title='bbox 408 2445 597 2505; x_wconf 80' lang='lat' dir='ltr'><strong>praecunentihus</strong></span> <span class='ocrx_word' id='word_1_228' title='bbox 612 2443 696 2504; x_wconf 86' lang='lat' dir='ltr'><strong>passim</strong></span> <span class='ocrx_word' id='word_1_229' title='bbox 713 2444 833 2491; x_wconf 86' lang='lat' dir='ltr'><strong>militibus.</strong></span> 
     </span>
     <span class='ocr_line' id='line_1_37' title="bbox 162 2504 834 2569; baseline 0.004 -17"><span class='ocrx_word' id='word_1_230' title='bbox 162 2504 247 2565; x_wconf 84' lang='lat' dir='ltr'><strong>Forum</strong></span> <span class='ocrx_word' id='word_1_231' title='bbox 259 2506 356 2552; x_wconf 80' lang='lat' dir='ltr'><strong>maxime</strong></span> <span class='ocrx_word' id='word_1_232' title='bbox 367 2509 478 2568; x_wconf 83' lang='lat' dir='ltr'><strong>petebant,</strong></span> <span class='ocrx_word' id='word_1_233' title='bbox 494 2509 599 2569; x_wconf 87' lang='lat' dir='ltr'><strong>cupidine</strong></span> <span class='ocrx_word' id='word_1_234' title='bbox 608 2506 695 2555; x_wconf 85' lang='lat' dir='ltr'><strong>visendi</strong></span> <span class='ocrx_word' id='word_1_235' title='bbox 705 2509 790 2563; x_wconf 86' lang='lat' dir='ltr'><strong>locum,</strong></span> <span class='ocrx_word' id='word_1_236' title='bbox 808 2510 834 2555; x_wconf 92' lang='lat' dir='ltr'><strong>in</strong></span> 
     </span>
     <span class='ocr_line' id='line_1_38' title="bbox 160 2569 836 2637; baseline 0.01 -23"><span class='ocrx_word' id='word_1_237' title='bbox 160 2583 206 2628; x_wconf 86' lang='lat' dir='ltr'><strong>quo</strong></span> <span class='ocrx_word' id='word_1_238' title='bbox 218 2569 291 2617; x_wconf 82' lang='lat' dir='ltr'><strong>Galba</strong></span> <span class='ocrx_word' id='word_1_239' title='bbox 297 2570 413 2631; x_wconf 82' lang='lat' dir='ltr'><strong>jacuisset.</strong></span> <span class='ocrx_word' id='word_1_240' title='bbox 430 2571 483 2620; x_wconf 88' lang='lat' dir='ltr'><strong>Nec</strong></span> <span class='ocrx_word' id='word_1_241' title='bbox 492 2574 568 2624; x_wconf 88' lang='lat' dir='ltr'><strong>minus</strong></span> <span class='ocrx_word' id='word_1_242' title='bbox 578 2589 664 2637; x_wconf 62' lang='lat' dir='ltr'><strong>serum</strong></span> <span class='ocrx_word' id='word_1_243' title='bbox 674 2575 836 2634; x_wconf 70' lang='lat' dir='ltr'><strong>spectaculum</strong></span> 
     </span>
     <span class='ocr_line' id='line_1_39' title="bbox 161 2633 839 2709; baseline 0.006 -25"><span class='ocrx_word' id='word_1_244' title='bbox 161 2640 224 2684; x_wconf 79' lang='lat' dir='ltr'><strong>eram</strong></span> <span class='ocrx_word' id='word_1_245' title='bbox 231 2633 282 2702; x_wconf 68' lang='lat' dir='ltr'><strong>ipsi</strong></span> <span class='ocrx_word' id='word_1_246' title='bbox 290 2636 360 2700; x_wconf 82' lang='lat' dir='ltr'><strong>tergis</strong></span> <span class='ocrx_word' id='word_1_247' title='bbox 367 2635 634 2704; x_wconf 70' lang='lat' dir='ltr'><strong>ferarumetiugentihus</strong></span> <span class='ocrx_word' id='word_1_248' title='bbox 639 2638 696 2709; x_wconf 67' lang='lat' dir='ltr'><strong>telis</strong></span> <span class='ocrx_word' id='word_1_249' title='bbox 707 2641 839 2698; x_wconf 82' lang='lat' dir='ltr'><strong>horrentes.</strong></span> 
     </span>
    </p>
   </div>
   <div class='ocr_carea' id='block_1_5' title="bbox 0 0 943 2900">
    <p class='ocr_par' dir='ltr' id='par_1_5' title="bbox 0 0 943 2900">
     <span class='ocr_line' id='line_1_40' title="bbox 0 0 943 2900; baseline 0 0"><span class='ocrx_word' id='word_1_250' title='bbox 0 0 943 2900; x_wconf 95' lang='lat' dir='ltr'><strong> </strong></span> 
     </span>
    </p>
   </div>
  </div>
 </body>
</html>
