1834 2900
153 122 199 167 irs
217 114 465 168 HISTORIARUM
475 116 767 169 municionem.
776 124 825 165 unt.

152 246 274 295 trucidatos
292 249 401 311 spoliant:
423 249 509 297 faonnn
526 264 577 297 esse
594 250 670 296 melus
689 249 822 311 ioqnuntnr,

152 312 287 373 iaciuntque.

186 376 284 427 xxvi.
301 378 335 426 Ut
353 376 491 427 Cremonam
507 377 597 434 mire,
619 385 705 426 nornrn
722 380 821 425 immen-

152 456 246 503 sumque
254 458 311 506 opus
322 446 425 491 occurrit.
450 444 580 491 Othoniano
590 444 655 499 bello,
668 445 822 492 Germanicus

151 508 217 554 miles
225 510 336 555 rnoenibus
348 508 534 569 Cremonensium
543 516 617 556 castra
624 524 671 564 aaa,
682 509 822 556 maniarii·

152 573 201 619 lum
209 574 387 637 drcumjeoerat:
402 588 474 633 eaque
480 576 620 621 munimenta
627 588 705 621 rursus
713 582 820 620 auxenti

152 650 247 699 quorum
265 639 370 699 adspectu
386 636 473 685 haeeire
489 641 592 693 victores,
609 639 702 686 incertia
718 639 821 693 ducibus,

168 704 206 750 uid
220 704 332 765 juberent.
366 702 468 765 Incipere
487 704 683 765 oppugnationem,
700 703 761 750 sesso
780 718 821 764 per

153 718 212 815 dium
230 777 362 828 noctemque
376 770 488 822 exercitu,
511 768 612 823 arduum,
628 776 658 822 et,
675 769 738 815 nullo
753 770 823 831 juxta

154 834 258 887 subsidio,
279 848 375 894 anceps:
400 834 435 879 sin
455 833 588 880 Bedriacum
608 834 713 888 redirent,
736 833 822 879 intole-

155 898 237 944 randus
249 904 294 943 tam
303 898 365 959 longi
377 898 463 945 itineris
473 899 541 953 labor,
553 905 577 944 et
587 898 682 945 victoria
692 899 721 945 ad
730 898 821 944 irritum

154 962 315 1008 revolvebatur.
349 962 442 1009 Munire
450 962 539 1009 castra?
550 963 573 1009 id
580 977 677 1024 quoque,
688 963 823 1025 propinquis

153 1026 260 1080 hostibus,
276 1024 452 1085 formidolosum,
470 1043 500 1074 ne
518 1028 637 1089 dispem
653 1034 678 1074 et
694 1043 751 1090 opus
768 1042 822 1073 mo-

153 1090 233 1136 lientes
245 1089 316 1137 subiti
327 1094 444 1153 eruptione
455 1094 582 1140 turbarentz
593 1107 645 1152 quaa
656 1108 723 1157 super
730 1100 823 1146 cuncta,

153 1156 250 1201 terrebat
260 1154 357 1216 ipsorum
374 1158 444 1211 miles,
461 1158 553 1219 periculi
562 1170 630 1219 quarn
644 1172 716 1204 rnorae
730 1158 821 1219 patien-

154 1220 212 1267 tior:
232 1221 313 1281 quippe
323 1220 418 1283 ingrata,
429 1236 481 1282 quae
493 1231 556 1279 tuta3
573 1236 603 1268 ex
612 1222 740 1283 temeritate
751 1237 821 1283 spes3

154 1286 272 1346 omnisque
279 1286 352 1332 caedes
359 1294 383 1333 et
391 1287 615 1351 vulneraetsauguis
622 1288 728 1336 aviditate
735 1288 823 1349 praedaa

155 1352 311 1413 pensabuntur.

188 1413 298 1463 XXVII.
316 1415 371 1464 Huc
382 1417 498 1464 inclinavit
508 1415 629 1473 Antonius,
647 1417 753 1479 cingique
769 1416 822 1464 vai·

153 1480 201 1526 ium
220 1479 303 1528 cononi
313 1483 389 1544 jussit,
423 1481 500 1529 Prirno
517 1483 605 1544 sagittis
617 1485 721 1542 saxisque
730 1483 824 1529 eminus

154 1546 274 1599 certabant,
291 1548 375 1608 majore
386 1546 544 1594 Flavianorum
555 1547 659 1608 pernicie,
675 1547 699 1594 in
710 1563 768 1608 quos
775 1548 824 1594 teta

154 1611 249 1672 desuper
255 1611 403 1659 librabantur:
417 1613 560 1662 moxvulum
568 1622 687 1674 portasque
694 1613 824 1673 legionibus

154 1677 259 1732 attribuit,
276 1684 302 1724 ut
318 1677 425 1724 discretus
436 1679 498 1724 labor
508 1676 579 1724 sortes
589 1678 730 1739 ignavosque
740 1677 824 1724 datin·

153 1749 240 1802 guenet,
256 1749 323 1802 atque
329 1740 379 1804 ipsi
386 1743 531 1788 contentione
541 1743 628 1788 doeoris
638 1742 824 1788 accenderentur.

155 1803 263 1856 Proxima
274 1805 417 1854 Bedriacensi
429 1808 473 1853 viae
483 1808 573 1854 tertiani
584 1808 746 1869 septimanique
757 1821 824 1853 arim·

155 1865 218 1915 sire:
238 1869 363 1917 dexteriora
377 1871 429 1917 valli
444 1879 525 1919 omaro
535 1886 562 1919 ac
572 1873 666 1934 septima
677 1871 821 1919 Claudiana:

155 1933 348 1982 tertiadecimanos
363 1935 391 1983 ad
403 1935 533 1984 Brixianam
550 1945 637 1998 portam
653 1938 749 1998 impetus
760 1937 823 1984 tulit.

154 1997 251 2046 Paulum
270 2000 323 2046 inde
340 2015 418 2055 morte,
434 2003 488 2048 dum
499 2003 631 2064 eproximis
648 2001 710 2063 agris
723 2001 822 2063 ligones,

154 2064 261 2120 dolabras,
278 2065 352 2113 etalii
370 2067 446 2122 falces,
464 2066 579 2127 rcaiasqne
594 2073 744 2113 convectantz
762 2074 822 2121 turn,

154 2129 219 2176 elatis
234 2145 300 2192 super
311 2132 383 2193 capita
394 2133 470 2185 acutia.
487 2130 556 2178 denari
566 2132 679 2178 testudine
690 2130 824 2178 succedunt.

133 2187 266 2242 ''Romanoe
284 2196 395 2256 utrimque
412 2203 485 2243 artesz
504 2198 603 2258 pondera
620 2211 726 2244 saxorum
745 2193 825 2242 Vitat-

154 2257 207 2304 iiani
216 2259 368 2319 provoivunt3
380 2261 497 2323 disjectam
505 2260 676 2322 fluitantemque
686 2261 825 2309 testudinum

153 2321 237 2368 lanceis
244 2323 362 2383 contisque
372 2333 513 2373 scrutantur:
532 2327 611 2381 doum,
627 2325 703 2373 solunt
712 2341 826 2388 compage

154 2392 276 2494 soutorpm
293 2401 421 2450 exsangues
429 2398 469 2436 aut
478 2391 565 2438 laceros
574 2398 743 2453 prosternerent
750 2389 827 2438 multi

155 2463 208 2495 eum
220 2465 231 2495 s
241 2465 252 2494 r

188 2465 313 2562 xxiiii.
339 2514 467 2564 incesserat
486 2519 606 2574 cunetatio,
631 2521 655 2566 ni
674 2521 744 2568 duces
761 2519 826 2567 ieras

155 2577 228 2632 militi,
245 2586 268 2624 et
284 2579 346 2627 velut
363 2581 437 2628 irritas
453 2583 620 2631 exhortationes
634 2585 748 2639 abnuenti,
765 2584 829 2632 Cre·

155 2653 247 2691 monam
264 2643 434 2696 moustrisssat.
467 2646 595 2699 Hanni-ne
609 2649 639 2696 ad
655 2649 783 2712 ingenium,
800 2658 829 2698 ut
